3400 5317
1587 732 1674 740 .„
1765 695 1850 757 24
1936 730 2022 741 ..-

769 884 963 947 Macr.
1033 884 1149 959 12,
1201 883 1274 946 7:
1335 884 1382 946 t.
1444 902 1554 965 per
1611 885 1820 947 toturn
1880 882 2035 958 iter:
2080 918 2167 928 ——
2210 882 2377 945 Pert.
2427 880 2541 957 11,
2607 881 2677 943 7:
2739 897 2851 960 per

769 995 1046 1076 porticus
1096 995 1338 1079 egredi:
1399 1033 1468 1041 ---
1515 996 1679 1059 Max.
1733 996 1848 1072 12,
1896 998 1934 1058 6
1981 1024 2065 1050 =
2110 996 2275 1059 Max.
2327 996 2439 1071 12,
2489 995 2546 1057 1.
2610 1030 2687 1038 —

979 1108 1063 1171 fl.
1112 1106 1297 1189 433,
1347 1107 1413 1172 6.
1459 1106 1596 1172 Car.
1646 1109 1763 1185 12,
1814 1108 1886 1170 7:
1932 1127 2041 1189 per
2086 1126 2193 1171 013
2238 1106 2521 1170 omnium
2576 1104 2843 1169 circum-

768 1218 990 1281 ferant.
1043 1218 1122 1282 cf.
1156 1217 1268 1282 Sil.
1302 1218 1446 1282 Ital.
1481 1221 1540 1283 3.
1577 1222 1609 1283 1
1634 1219 1763 1281 35:
1811 1219 1901 1282 ire
1947 1238 2057 1300 per
2087 1238 2193 1283 ora
2223 1236 2484 1293 nomen:
2524 1254 2595 1261 —
2633 1216 2840 1280 Valer.

769 1332 826 1408 1,
873 1331 946 1392 4:
999 1330 1090 1395 ire
1135 1349 1245 1411 per
1293 1331 1641 1395 sententias
1675 1330 2105 1414 singulorum:
2139 1359 2222 1385 :-
2254 1329 2431 1394 Alex.
2466 1327 2674 1393 Seuer.
2724 1329 2755 1390 1
2780 1329 2840 1408 6,

769 1444 844 1516 2;
896 1478 975 1487 -
1025 1442 1144 1506 ib.:
1194 1443 1310 1519 19,
1359 1445 1433 1506 2:
1480 1462 1539 1525 p.
1589 1463 1637 1507 s.
1687 1442 1971 1507 omnium
2010 1442 2373 1514 circumire:
2420 1479 2501 1487 --
2550 1440 2652 1504 Al.
2702 1438 2843 1504 Seu.

768 1557 828 1632 9,
876 1556 950 1617 4:
999 1574 1107 1635 per
1142 1554 1360 1637 populi
1393 1557 1456 1619 et
1499 1555 1907 1620 honestorum
1938 1573 2193 1619 coronas
2239 1573 2369 1618 una
2411 1572 2529 1617 uox
2561 1554 2729 1627 erat:
2765 1589 2844 1598 —

768 1667 951 1730 Prob.
1002 1670 1060 1743 6,
1113 1668 1184 1730 1:
1232 1686 1342 1749 per
1383 1687 1484 1731 res
1517 1668 1729 1751 gestas
1761 1667 1925 1731 tanti
1955 1685 2313 1748 percurrere
2345 1665 2505 1740 uiri:
2538 1703 2617 1709 -—
2662 1664 2841 1741 Geta,

770 1780 829 1855 2,
879 1781 953 1842 5;
1002 1798 1228 1842 nomen
1289 1800 1397 1861 per
1461 1781 1755 1861 quattuor
1813 1778 2128 1861 principes
2188 1778 2499 1848 cucurrit:
2554 1816 2621 1825 -—
2676 1778 2843 1841 Pert.

774 1892 833 1970 7,
881 1893 955 1955 4:
1004 1911 1115 1974 per
1159 1892 1600 1956 discriminum
1645 1891 1923 1976 uestigia
1964 1891 2314 1974 peruenire.
2348 1928 2434 1935 -—

981 2025 1067 2089 Η.
1113 2044 1182 2107 p.
1232 2024 1419 2107 434,
1463 2027 1530 2090 9.
1590 2024 1772 2088 Prob.
1822 2024 1937 2100 10,
1987 2026 2061 2086 4:
2122 2021 2421 2087 cum—id
2464 2040 2576 2103 per
2610 2020 2847 2107 multos

768 2136 1034 2200 circulos
1087 2135 1414 2201 diceretur.
1479 2174 1562 2181 -—

978 2251 1064 2315 Η.
1110 2270 1178 2333 p.
1208 2248 1392 2329 434,
1425 2251 1476 2315 l.
1507 2249 1674 2333 Trig.
1723 2252 1767 2312 t.
1823 2250 1897 2327 1„
1926 2251 1998 2312 1:
2045 2269 2154 2331 per
2186 2267 2381 2311 annos
2415 2246 2641 2328 quibus
2678 2265 2845 2309 10111-

770 2361 1091 2443 publicam
1123 2364 1497 2437 tenuerunt:
1531 2400 1612 2408 —
1647 2363 1791 2426 Tac.
1829 2363 1945 2438 10,
1993 2362 2067 2424 3:
2114 2361 2345 2425 librum
2378 2379 2438 2442 p.
2474 2379 2526 2423 a.
2561 2358 2843 2442 singulos

769 2473 978 2537 decies
1041 2474 1344 2550 scribere:
1407 2473 1544 2538 Car.
1593 2476 1653 2551 3,
1702 2476 1778 2549 6:
1830 2510 1905 2519 —
1955 2474 2147 2537 Marc.
2210 2473 2268 2550 7,
2316 2474 2392 2535 2:
2453 2490 2562 2553 per
2606 2470 2844 2554 uiginti

771 2588 834 2650 et
879 2589 1008 2650 tres
1056 2606 1110 2651 a.
1155 2585 1235 2672 sin
1282 2587 1463 2651 domo
1523 2587 1724 2670 patris
1782 2588 2091 2664 11018313118,
2155 2605 2269 2650 1100
2330 2604 2439 2667 per
2498 2586 2594 2648 tot
2650 2603 2703 2647 a.
2766 2583 2843 2647 ab

769 2717 838 2762 00
902 2699 1171 2773 mansit:
1205 2699 1375 2783 Trig.
1429 2701 1476 2762 t.
1532 2700 1592 2780 5,
1647 2701 1724 2775 4:
1779 2699 1987 2763 Valer.
2045 2701 2102 2776 1,
2161 2701 2231 2773 l:
2286 2698 2453 2763 Gall.
2507 2699 2567 2775 4,
2629 2697 2703 2772 5;
2761 2733 2840 2741 -

766 2813 930 2876 Max.
981 2812 1040 2888 5,
1091 2813 1162 2874 1:
1209 2830 1319 2893 per
1379 2812 1584 2875 totum
1638 2811 2019 2887 triennium:
2083 2811 2250 2875 Pert.
2293 2812 2352 2885 3,
2400 2810 2475 2884 4:
2544 2808 2708 2873 Max.
2757 2809 2840 2871 et.

767 2926 841 2987 B.
900 2925 1014 3002 15,
1071 2925 1144 2999 7:
1192 2960 1276 2970 —-
1330 2924 1474 2986 Ver.
1532 2924 1590 3001 7,
1645 2926 1721 2986 3:
1782 2943 1892 3006 per
1950 2920 2468 3006 quadriennium:
2532 2922 2589 2996 7,
2656 2920 2725 2995 1:
2761 2958 2841 2965 —

767 3036 950 3101 Diad.
1015 3038 1075 3113 2,
1140 3038 1198 3101 1.
1281 3036 1488 3119 (extr.)
1569 3056 1679 3118 per
1761 3037 1987 3101 cuncta
2067 3035 2529 3117 quinquennia:
2629 3032 2838 3097 Seuer.

773 3151 890 3225 23,
942 3150 1014 3223 1;
1070 3186 1138 3193 ——
1193 3148 1380 3213 Gord.
1429 3150 1488 3225 3,
1537 3149 1610 3212 5;
1658 3168 1769 3230 per
1816 3148 2099 3231 singulos
2144 3166 2394 3211 menses
2442 3146 2697 3231 singula
2739 3165 2845 3208 ex-

767 3261 1030 3336 hibens:
1121 3262 1314 3324 Marc.
1368 3261 1482 3337 17,
1546 3263 1619 3336 5:
1711 3262 1855 3325 Tac.
1904 3262 1963 3338 2,
2028 3262 2102 3336 6;
2194 3260 2411 3325 Α11101.
2458 3261 2577 3336 40,
2635 3259 2705 3334 4;
2750 3296 2836 3303 -—

768 3372 1006 3437 Comm.
1055 3376 1113 3450 6,
1168 3374 1241 3436 7:
1289 3373 1694 3437 mutabantur
1725 3373 1919 3453 praef.
1966 3374 2161 3455 praet.
2195 3392 2304 3453 per
2350 3373 2533 3435 horas
2566 3390 2636 3435 ac
2666 3371 2833 3445 dies:

768 3485 867 3549 Al.
937 3484 1147 3549 Seuer.
1181 3486 1300 3561 43,
1334 3486 1404 3559 4:
1455 3522 1527 3529 —-‹
1569 3486 1689 3562 57,
1739 3486 1812 3548 5:
1874 3505 1984 3567 per
2042 3486 2226 3549 horas
2280 3485 2574 3566 quattuor
2620 3483 2837 3547 ambu-

766 3597 932 3673 lare:
987 3634 1055 3642 —-
1124 3597 1270 3660 Did.
1331 3597 1463 3662 Jul.
1514 3599 1573 3675 3,
1639 3600 1712 3661 9:
1775 3617 1885 3679 per
1946 3598 2230 3661 triduum
2290 3595 2638 3679 porcellum
2685 3615 2745 3677 p.
2793 3596 2839 3658 t.

766 3712 1042 3793 leporem
1104 3710 1422 3785 diuidere:
1488 3710 1673 3774 Auid.
1735 3708 1907 3774 Cass.
1980 3711 2038 3786 3,
2103 3712 2177 3784 7:
2242 3747 2319 3754 —
2395 3709 2577 3771 Prob.
2643 3709 2702 3783 4,
2766 3709 2839 3770 6:

767 3843 876 3905 per
920 3823 1216 3898 biduum:
1267 3822 1453 3906 (bis):
1503 3860 1582 3866 —-
1649 3822 1787 3887 Car.
1853 3823 1909 3899 1,
1978 3824 2050 3886 2:
2106 3821 2293 3886 ducta
2350 3840 2461 3903 per
2524 3822 2839 3901 tempora:

773 3974 853 3981 —
912 3935 1076 3999 Gall.
1133 3936 1195 4012 4,
1269 3938 1337 3999 1:
1401 3955 1511 4017 per
1568 3936 1739 3999 idem
1804 3938 2055 4019 tempus
2133 3934 2404 4017 sumpsit
2471 3932 2840 4015 imperium:

770 4077 852 4103 :z
886 4049 1078 4111 Hadr.
1115 4050 1147 4110 1
1171 4050 1231 4125 2,
1268 4050 1339 4122 1:
1379 4049 1545 4114 Gall.
1582 4050 1613 4111 1
1639 4050 1698 4126 3,
1738 4050 1805 4123 1;
1843 4047 2051 4112 Seuer.
2086 4049 2146 4124 5,
2181 4050 2257 4123 5:
2290 4049 2506 4111 contra
2534 4046 2840 4129 legimus:

779 4160 1029 4237 „eodem
1076 4162 1389 4242 tempore“
1446 4160 1656 4225 Seuer.
1720 4162 1781 4239 6,
1830 4163 1904 4236 9;
1955 4161 2071 4237 11,
2120 4162 2193 4234 3;
2250 4162 2365 4238 12,
2414 4162 2487 4233 6;
2534 4196 2619 4203 -—
2666 4158 2840 4220 Pesc.

767 4273 849 4337 N.
885 4275 943 4335 3.
979 4275 1052 4348 3;
1105 4309 1180 4318 -
1225 4273 1334 4337 cf.:
1386 4275 1500 4350 12,
1537 4275 1607 4349 7:
1658 4274 1723 4355 (2
1744 4274 1802 4349 5,
1847 4275 1919 4336 1;
1967 4292 2040 4336 03
2068 4273 2443 4355 tempestate
2477 4268 2847 4353 superuenit

770 4385 1073 4467 quaedam
1109 4384 1420 4467 mulier.):
1465 4423 1542 4430 —
1578 4385 1766 4450 Gord.
1814 4386 1852 4446 2
1875 4386 1932 4460 1,
1981 4386 2055 4447 2;
2102 4404 2213 4466 per
2244 4385 2547 4447 aestatem
2580 4382 2842 4467 frigidas
