3400 5317
1797 689 2056 750 *30
2143 726 2232 733 ,-

1164 873 1263 942 Ὴ.
1304 897 1373 960 p.
1418 877 1603 958 445,
1657 879 1721 942 9.
1784 877 2033 961 Heliog.
2087 880 2199 955 17,
2249 881 2322 942 2:
2370 899 2481 960 per
2530 881 2786 961 pontem
2831 878 3051 943 Aemi-

967 989 1127 1052 lium
1174 990 1237 1052 in
1293 990 1569 1054 Tiberim
1616 991 1930 1055 abiectum
1983 992 2114 1067 est:
2167 1027 2242 1036 -
2295 990 2460 1056 Gall.
2519 994 2577 1068 3,
2627 994 2702 1054 2:
2751 991 3049 1055 iuuenem

969 1103 1330 1166 occiderunt
1370 1104 1683 1186 missoque
1745 1124 1855 1186 per
1899 1124 2148 1168 murum
2197 1122 2447 1186 corpore
2495 1103 2776 1168 Odenato
2825 1124 2890 1168 se
2939 1103 3049 1167 de-

967 1215 1293 1290 diderunt:
1363 1215 1586 1280 reddo:
1659 1216 1926 1292 „warfen
2001 1217 2218 1279 seinen
2280 1217 2622 1280 Leichnam
2675 1216 2776 1279 die
2827 1216 3047 1280 Mauer

967 1327 1230 1403 herab;“
1287 1327 1498 1392 Closs:
1573 1329 1760 1403 „iiber
1823 1328 1921 1392 die
1979 1329 2255 1393 Maner.“
2312 1365 2393 1373 —
2443 1328 2608 1394 Gall.
2678 1329 2793 1406 18,
2842 1331 2914 1392 3:
2971 1330 3046 1392 ut

974 1439 1221 1503 hastam
1252 1441 1495 1505 teneret
1524 1461 1635 1522 per
1664 1441 1846 1504 cuius
1893 1459 2151 1523 scapum
2198 1441 2405 1504 infans
2437 1442 2649 1522 posset
2680 1441 3044 1515 ascendere:

970 1587 1054 1596 ·—-
1099 1550 1268 1636 Trig.
1316 1553 1363 1616 t.
1412 1554 1530 1630 30,
1580 1554 1611 1615 1
1634 1554 1710 1616 4:
1756 1552 2024 1637 gemmis
2071 1552 2569 1634 dependentibus
2600 1571 2712 1635 per
2743 1552 3041 1617 ultimam

969 1663 1302 1728 fimbriam.
1360 1701 1433 1711 —

1168 1778 1256 1843 11.
1315 1796 1382 1860 p.
1456 1775 1643 1859 445,
1691 1776 1828 1856 10;
1889 1777 1976 1842 cf.
2036 1795 2103 1859 p.
2161 1775 2350 1859 438,
2413 1775 2494 1852 33
2571 1796 2637 1860 p.
2692 1776 2872 1842 445.
2934 1778 3036 1843 11.

963 1889 1179 1953 Aurel.
1226 1891 1345 1966 46,
1398 1892 1468 1952 1:
1517 1907 1740 1952 aurum
1785 1908 1896 1970 per
1949 1887 2156 1953 uarios
2217 1889 2604 1953 bratteamm
2665 1889 2916 1954 filorum
2979 1891 3044 1954 et

963 2001 1387 2084 liquationum
1431 2021 1583 2066 usus
1627 2003 1867 2084 perire3
1906 2039 1984 2047 --
2019 2001 2206 2066 Gord.
2255 2003 2315 2078 4,
2365 2003 2438 2066 5:
2484 2021 2595 2084 per
2625 2001 2779 2066 haec
2814 2003 3042 2085 populo

969 2133 1186 2190 carus:
1233 2151 1316 2160 -—-
1361 2113 1585 2178 Helius
1635 2115 1692 2192 6,
1743 2116 1816 2177 5:
1865 2133 2010 2177 cum
2053 2133 2164 2195 per
2207 2115 2324 2178 hoc
2370 2114 2436 2177 in
2485 2114 2616 2178 dies
2678 2116 2882 2199 magis
2931 2115 3038 2179 ad-

964 2228 1368 2311 grauaretur3
1434 2264 1514 2272 —
1575 2225 1810 2290 mirum
1875 2227 1972 2290 est
2039 2227 2202 2309 quod
2269 2226 2541 2310 legimus
2603 2226 2784 2308 Cypr.
2858 2228 3038 2308 epist.

960 2339 1182 2402 LXVI.
1210 2341 1269 2401 4.
1296 2338 1535 2402 Hartel.
1566 2340 1600 2401 7
1621 2342 1659 2401 2
1680 2340 1739 2415 9,
1777 2340 1808 2401 1
1833 2341 1904 2402 9;
1949 2358 2128 2414 „cum
2157 2341 2219 2402 te
2245 2339 2519 2402 iudicem
2543 2339 2640 2402 dei
2667 2340 3035 2417 constituae,

962 2451 1069 2534 qui
1116 2450 1273 2514 dicit
1318 2450 1396 2514 ad
1443 2450 1757 2532 apostolos
1819 2469 1888 2514 ac
1934 2469 2044 2532 per
2088 2451 2206 2514 hoc
2252 2451 2328 2514 ad
2375 2469 2591 2514 omnes
2650 2453 3037 2534 praepositos

961 2565 1070 2647 qui
1128 2564 1305 2628 audit
1360 2583 1491 2640 uos,
1555 2583 1655 2626 me
1718 2563 1924 2626 audit“
1996 2564 2120 2646 etq.
2169 2563 2390 2628 Hartel
2451 2565 2618 2628 recte
2689 2584 2832 2647 „per
2875 2566 3028 2629 hoc“

963 2678 1133 2741 idem
1179 2696 1313 2740 esse
1362 2676 1547 2759 amne
1604 2676 1763 2751 „sic“
1820 2675 1990 2740 dicit.
2057 2713 2132 2721 —

1165 2791 1253 2855 Η.
1299 2810 1369 2873 p.
1414 2787 1601 2870 447,
1671 2786 1785 2852 15.
1854 2788 2046 2852 Marc.
2099 2789 2214 2864 12,
2271 2791 2344 2851 2:
2401 2807 2512 2870 per
2565 2789 2774 2853 omnia
2831 2791 3043 2855 mode-

960 2903 1397 2978 rantissimus:
1479 2902 1613 2982 (per
1670 2900 1882 2964 omnia
1939 2927 2020 2954 =
2097 2900 2166 2963 in
2229 2901 2518 2964 omnibus
2581 2930 2663 2956 =
2725 2902 3037 2985 omnino);

961 3016 1183 3080 Hartel
1241 3015 1306 3078 in
1351 3015 1478 3078 ind.
1514 3014 1593 3078 ad
1624 3013 1915 3096 Cyprian.
1951 3016 2427 3079 commemorat:
2475 3018 2513 3078 2
2537 3017 2650 3093 76,
2690 3018 2821 3092 24;
2864 3018 2957 3080 47
2982 3019 3040 3094 7,

962 3130 1093 3204 15;
1141 3130 1316 3205 644,
1367 3130 1441 3203 3;
1493 3129 1664 3202 773,
1728 3129 1798 3201 7;
1866 3127 2037 3204 776,
2101 3128 2175 3202 5;
2226 3129 2401 3205 826,
2454 3130 2583 3203 13;
2646 3128 2712 3190 111
2775 3129 3040 3210 append.

965 3263 1026 3324 p.
1082 3244 1194 3320 14,
1248 3244 1277 3304 1
1305 3243 1361 3304 1.
1426 3278 1508 3286 —

1170 3373 1258 3437 Η.
1303 3391 1371 3455 p.
1402 3369 1581 3453 447,
1613 3369 1724 3435 17.
1757 3371 1920 3434 Max.
1970 3373 2087 3448 30,
2139 3373 2210 3433 6:
2260 3389 2370 3451 per
2400 3371 2726 3452 publicum
2747 3371 3041 3436 ueniente

962 3484 1293 3560 uehiculo;
1345 3522 1425 3530 -—-
1472 3482 1723 3566 Heliog.
1778 3483 1889 3558 17,
1942 3486 2011 3546 1;
2075 3485 2315 3546 tractus
2362 3503 2421 3564 p.
2479 3504 2539 3565 p.
2594 3519 2710 3531 ---

1169 3599 1258 3663 Η.
1325 3617 1393 3681 p.
1456 3595 1636 3678 447,
1708 3596 1825 3661 19.
1889 3596 2076 3659 Auid.
2157 3595 2325 3659 Cass.
2395 3598 2448 3672 1,
2515 3599 2585 3660 l:
2661 3616 2734 3660 ex
2799 3598 3042 3662 familia

963 3711 1323 3777 Cassiorum
1381 3709 1574 3772 fuisse
1639 3708 1869 3772 dicitur
1927 3728 2038 3790 per
2107 3711 2406 3783 matrem:
2455 3737 2536 3763 ---
2582 3709 2759 3772 Alex.
2825 3709 3038 3774 Seuer.

964 3827 1022 3902 5,
1072 3827 1146 3900 43
1204 3863 1269 3869 -—
1326 3821 1463 3887 Car.
1526 3824 1583 3898 8,
1633 3823 1708 3884 3:
1770 3820 1991 3885 adfinis
2052 3841 2163 3903 per
2223 3821 2560 3885 secundam
2621 3841 2906 3898 uxorem:
2955 3861 3038 3868 —

962 3938 1127 4002 Flor.
1177 3940 1235 4013 2,
1286 3939 1359 4000 2;
1423 3956 1495 3999 ex
1541 3954 1755 3999 eorum
1815 3934 2058 3997 familia
2101 3934 2541 4015 imperatorem
2586 3935 2871 3998 futurum
2926 3955 3040 3999 seu

964 4070 1075 4133 per
1120 4050 1418 4113 feminam
1481 4067 1593 4111 seu
1653 4066 1763 4128 per
1821 4047 2064 4122 uirum;
2114 4083 2195 4090 —-
2243 4046 2393 4109 Pius
2459 4049 2514 4123 1,
2567 4048 2635 4110 7:
2697 4067 2887 4130 gener
2931 4068 3044 4130 per

965 4164 1263 4227 maiorem
1296 4161 1493 4225 filiam
1523 4160 1743 4224 Lamia
1767 4158 2036 4236 Silanus
2069 4180 2179 4241 per
2202 4159 2506 4222 minorem
2531 4161 2616 4222 M.
2645 4158 2929 4236 Silanus:
2961 4199 3038 4206 —

964 4278 1128 4340 Max.
1210 4279 1280 4339 1:
1357 4294 1434 4337 ne
1504 4273 1902 4338 fastidiosum
1980 4273 2145 4335 esset
2212 4271 2564 4354 principum
2632 4272 2858 4336 liberos
2927 4293 3042 4355 per

962 4391 1154 4456 libros
1204 4387 1485 4478 singulos
1532 4387 1777 4477 legere3
1830 4423 1907 4432 --
1955 4386 2202 4474 Heliog.
2268 4387 2380 4464 10,
2433 4387 2502 4450 1:
2549 4385 2822 4472 primum
2874 4387 3046 4451 inter

3294 13 3314 256 l
