3400 5317
1168 1495 1938 1599 Praemonenda.

728 1847 869 1946 Sex
938 1881 1287 1963 scriptores,
1370 1899 1633 1963 quorum
1711 1899 2062 1943 sermonem
2133 1880 2454 1963 uolgarem
2525 1899 2598 1944 ex

516 1996 691 2077 parte
738 1994 1187 2058 inlustraturus
1256 2013 1393 2057 sum
1455 1994 1605 2057 sunt
1662 1991 1883 2056 Aelius
1945 1992 2310 2074 Spartianus
2371 1992 2583 2056 Julius

518 2108 906 2189 Capitolinus
954 2107 1277 2171 Volcatius
1325 2106 1689 2172 Gallicanus
1737 2105 1956 2168 Aelius
2008 2105 2403 2186 Lampridius
2449 2107 2598 2168 Tre-

516 2220 744 2284 bellius
792 2220 994 2285 Pollio
1041 2220 1300 2284 Flauius
1334 2219 1640 2301 Vopiscus
1674 2218 2042 2301 Syracusius
2090 2219 2200 2300 qui
2242 2217 2594 2300 principum

516 2334 680 2397 uitas
714 2334 790 2398 ab
821 2333 1137 2398 Hadriano
1170 2333 1247 2396 ad
1290 2333 1753 2398 Numerianum
1784 2332 1879 2395 ab.
1916 2352 1969 2395 a.
2007 2333 2347 2396 117--284
2382 2352 2442 2413 p.
2477 2331 2589 2396 Ch.

515 2447 580 2510 in
629 2467 809 2510 usum
858 2447 1279 2528 protectorum
1327 2466 1579 2510 suorum
1627 2465 1700 2510 ex
1748 2445 1986 2530 graecis
2033 2447 2098 2508 et
2141 2445 2356 2509 latinis
2387 2465 2593 2508 rerum

518 2560 921 2640 scriptoribus
968 2559 1404 2640 compilarunt.
1454 2561 1632 2624 erant
1675 2559 2062 2640 temporibus
2111 2557 2487 2622 Diocletiani
2534 2560 2598 2621 et

518 2672 933 2738 Constantini.
996 2692 1067 2736 ac
1115 2692 1262 2736 uero
1322 2672 1501 2737 Aelio
1550 2672 1877 2754 Spartiano
1941 2673 2336 2736 ascribuntur
2381 2673 2446 2735 in
2493 2691 2595 2736 co-

519 2785 759 2850 dicibus
822 2786 990 2850 uitae
1052 2786 1353 2850 Hadriani
1409 2785 1576 2850 Aelii
1637 2786 1786 2848 Veri
1849 2785 2020 2850 Didii
2073 2787 2115 2850 J
2119 2785 2318 2850 uliani
2380 2785 2594 2849 Seueri

516 2899 848 2962 Pescennii
880 2899 1063 2982 Nigri
1094 2899 1402 2964 Caracalli
1434 2899 1649 2976 Getae,
1697 2899 1872 2963 Julio
1905 2898 2255 2980 Capitolino
2291 2898 2594 2962 Antonini

518 3011 615 3074 Pii
676 3012 763 3074 M.
826 3011 1131 3076 Antonini
1188 3012 1335 3076 Veri
1396 3012 1745 3076 Pertinacis
1808 3011 2011 3076 Clodii
2068 3011 2283 3075 Albini
2329 3011 2594 3075 Macrini

518 3124 1001 3188 Maximinorum
1034 3124 1486 3189 Gordianorum
1518 3124 1778 3188 Maximi
1822 3123 2092 3202 Balbini,
2126 3123 2409 3188 Volcatio
2443 3124 2594 3189 Gal-

515 3236 719 3303 licano
751 3237 964 3328 Auidii
996 3235 1215 3314 Cassii,
1248 3237 1428 3301 Aelio
1460 3238 1816 3319 Lampridio
1863 3237 2186 3302 Commodi
2217 3237 2594 3300 Diadumeni

516 3350 913 3433 Heliogabali
958 3349 1295 3415 Alexandri
1343 3349 1578 3428 Seueri,
1640 3351 1952 3414 Trebellio
1999 3351 2268 3415 Pollioni
2312 3349 2591 3413 Valeria-

518 3483 740 3528 norum
772 3464 1203 3529 Gallienorum
1236 3461 1515 3528 Salonini
1549 3464 1823 3529 Gallieni
1854 3462 2140 3547 Triginta
2163 3464 2591 3545 Tyrannorum

517 3580 643 3643 Titi
702 3576 1026 3642 Censorini
1086 3577 1352 3654 Claudii,
1417 3577 1635 3641 Flauio
1694 3577 1961 3659 Vopisco
2021 3577 2346 3640 Aureliani
2392 3577 2592 3640 Taciti

518 3692 791 3756 Floriani
840 3692 1023 3757 Probi
1071 3691 1267 3754 Firmi
1314 3690 1633 3755 Saturnini
1690 3691 1944 3755 Proculi
1989 3691 2220 3754 Bonosi
2268 3690 2407 3756 Cari
2453 3691 2592 3754 Nu-

519 3805 782 3869 meriani
844 3804 1067 3870 Carini.
1131 3805 1239 3886 qui
1302 3804 1633 3886 scriptores
1694 3824 1840 3868 cum
1901 3804 2028 3867 fere
2087 3805 2589 3885 contemporanei

515 3919 870 4000 pariterque
918 3917 1144 3982 eruditi
1190 3917 1293 3981 uel
1329 3918 1538 3999 potius
1585 3916 1785 3998 inepti
1831 3919 2060 3994 essent,
2109 3905 2419 3999 exceperis
2467 3918 2591 3982 for-

514 4033 682 4095 tasse
728 4051 926 4094 unum
952 4030 1310 4111 Vopiscum,
1344 4050 1468 4094 non
1500 4033 1599 4093 est
1642 4031 1874 4094 mirum
1907 4030 1959 4093 si
1990 4031 2056 4092 in
2088 4049 2368 4094 sermone
2401 4031 2588 4095 unius

515 4143 852 4208 alteriusue
901 4162 1114 4207 eorum
1161 4142 1522 4208 discrimina
1573 4144 1810 4207 maiora
1855 4144 1959 4207 uix
2003 4145 2259 4227 reperiri
2303 4147 2586 4226 possunt,

518 4278 589 4322 ex
613 4256 837 4339 quibus
871 4261 1112 4321 rectum
1144 4257 1445 4320 iudicium
1470 4257 1543 4320 de
1568 4257 2060 4341 uniuscuiusque
2093 4259 2338 4322 dicendi
2362 4279 2586 4342 genere

515 4372 630 4436 tibi
689 4371 1192 4436 conformaueris.
1254 4371 1361 4453 qui
1421 4390 1568 4434 uero
1631 4370 1995 4435 discrimina
2056 4374 2361 4449 statuunt,
2428 4392 2584 4454 quae
