3400 5317
881 1543 1421 1642 Fridericus
1486 1541 1875 1640 Salomo
1940 1541 2302 1636 Krauss

1150 1713 1318 1771 uitam
1356 1730 1508 1769 suam
1544 1715 1786 1768 breuiter
1821 1717 2056 1767 enarrat.

770 1949 993 2030 Natus
1042 1983 1182 2026 sum
1226 1961 1423 2044 pridie
1454 1961 1536 2024 id.
1570 1963 1689 2024 oct.
1726 1979 1886 2025 anno
1919 1961 1980 2022 h.
2017 1979 2066 2024 S.
2101 1960 2263 2024 LIX.
2299 1957 2634 2023 Recatinae

496 2129 502 2135 .
558 2077 626 2139 in
673 2075 995 2140 Pannonia
1040 2073 1225 2139 Sauia
1269 2075 1443 2156 patre
1506 2073 1923 2138 Guilelmo
1967 2074 2164 2137 matre
2220 2073 2378 2134 Eva
2436 2070 2632 2152 patris

560 2186 927 2253 consobrina
955 2207 1027 2252 ex
1060 2187 1467 2271 genteIIerz
1488 2205 1596 2270 og.
1633 2185 1796 2268 quod
1833 2187 2123 2268 parentes
2165 2183 2627 2268 septuagenarii

561 2300 769 2365 adhuc
816 2302 964 2364 sunt
1008 2315 1195 2382 quam
1240 2298 1506 2362 maxime
1537 2297 1767 2374 laetor;
1817 2297 2022 2380 siquid
2054 2296 2342 2380 equidem
2384 2296 2633 2360 honesti

562 2433 860 2496 umquam
893 2411 1079 2476 didici
1103 2410 1463 2493 parentibus
1497 2409 1837 2473 carissimis
1870 2410 2080 2487 debe0,
2112 2409 2221 2491 qui
2251 2427 2634 2492 quamquam

562 2524 763 2608 quoad
794 2541 971 2588 mens
995 2542 1135 2586 mea
1156 2522 1462 2604 respicere
1493 2523 1701 2603 potest
1719 2521 1874 2586 dura
1902 2521 2345 2604 premebantur
2367 2541 2635 2604 pauper-

561 2641 708 2716 tate,
754 2639 968 2701 tamen
1014 2635 1223 2699 omnia
1264 2634 1728 2717 impendebant,
1775 2634 1850 2698 ut
1893 2655 1992 2698 me
2023 2635 2252 2698 litteris
2287 2634 2633 2717 studiisque

565 2749 1051 2834 elegantioribus
1098 2747 1432 2810 erudirent.
1498 2767 1533 2811 a
1576 2749 1753 2830 patre
1799 2747 2082 2832 linguam
2128 2747 2488 2811 hebraicam
2520 2767 2633 2811 nec

563 2879 688 2927 non
748 2880 1128 2945 germanam,
1192 2879 1226 2924 a
1285 2861 1485 2924 matre
1534 2858 1865 2924 Slauorum
1925 2860 2194 2944 regionis
2255 2860 2632 2924 meridianae

560 2974 859 3040 dialectos
874 2975 999 3037 tres
1021 2972 1227 3036 didici.
1265 2972 1510 3036 scholas
1534 2973 1808 3054 pueriles
1834 2972 1998 3055 apud
2025 2973 2374 3037 sacerdotes
2401 2972 2634 3037 ordinis

560 3087 873 3151 minorum
921 3087 988 3149 in
1032 3087 1408 3150 monasterio
1452 3085 1629 3150 illius
1661 3086 1988 3167 municipii
2021 3085 2515 3169 frequentabam.
2564 3105 2636 3149 ex

561 3200 879 3286 magistris
928 3198 1308 3263 sacerdotem
1358 3198 1997 3264 Constantinum
2043 3198 2462 3276 Horvatic,
2529 3199 2635 3282 qui

562 3333 729 3377 nunc
762 3312 1003 3377 abbatis
1042 3329 1299 3375 munere
1344 3311 1411 3374 in
1455 3311 1833 3376 monasterio
1881 3312 2150 3394 quodam
2193 3310 2260 3374 in
2315 3310 2637 3376 Pannonia

560 3427 868 3509 fungitur,
917 3423 1101 3488 ualde
1150 3423 1451 3487 amabam.
1502 3443 1724 3490 nouem
1775 3444 1968 3489 annos
2001 3426 2188 3489 natus
2236 3425 2634 3509 gymnasium

560 3537 971 3602 Recatinense
1006 3534 1149 3613 adii,
1198 3535 1360 3618 quod
1390 3555 1500 3617 per
1544 3539 1681 3600 octo
1731 3556 1924 3601 annos
1956 3556 2080 3601 non
2116 3537 2248 3600 sine
2293 3537 2476 3601 laude
2509 3538 2634 3600 fre-

562 3649 979 3732 quentabam3
1026 3648 1118 3710 fui
1158 3646 1324 3710 enim
1361 3647 1525 3712 inter
1571 3649 2030 3731 condiscipulos
2062 3650 2321 3732 primus.
2357 3650 2635 3714 attamen

560 3762 627 3824 in
689 3759 1012 3845 gymnasio
1072 3779 1195 3823 non
1250 3759 1453 3824 multa
1513 3760 1722 3839 didici,
1786 3762 1910 3825 nisi
1970 3763 2280 3844 exceperis
2348 3765 2635 3827 ueterum

563 3873 895 3938 Slauorum
940 3870 1241 3956 linguam,
1290 3892 1553 3955 quorum
1601 3877 2007 3939 monumenta
2039 3895 2286 3966 summa
2316 3895 2459 3940 cum
2492 3876 2636 3939 dili-

561 3986 777 4071 gentia
820 3985 1273 4067 perscrutabar,
1321 4004 1434 4049 nec
1481 4005 1604 4050 non
1650 3986 1936 4071 linguam
1983 3988 2287 4052 Italorum
2333 3989 2633 4072 magistro

560 4101 630 4164 M
648 4098 823 4162 atth
842 4117 976 4162 aeo
1005 4098 1107 4163 Gr
1125 4098 1153 4161 s
1171 4099 1212 4160 k
1230 4118 1263 4162 o
1281 4119 1319 4162 v
1338 4099 1423 4176 ic‘,
1452 4100 1557 4182 qui
1584 4119 1748 4164 nunc
1766 4102 2017 4164 Mursae
2048 4102 2306 4166 rectoris
2326 4103 2635 4187 gymnasii

560 4229 795 4275 munus
844 4210 1102 4274 obtinet.
1151 4211 1315 4293 quod
1359 4210 1719 4295 linguarum
1765 4212 1998 4277 latinae
2046 4216 2109 4277 et
2139 4233 2396 4298 graecae
2430 4215 2638 4279 studia

561 4324 823 4400 adtinet,
869 4322 1339 4404 professoribuS,
1390 4323 1496 4406 qui
1526 4326 1849 4403 uocantur,
1897 4326 2058 4390 nihil
2092 4326 2220 4392 fere
2267 4327 2477 4408 debe0,
2527 4329 2636 4394 sed
