3400 5317
2371 699 2466 761 XI

388 885 549 939 uelim
586 899 705 936 meo
742 899 963 938 munere
1000 885 1126 937 boni
1170 886 1441 939 consulas.
1482 887 1646 938 BPM.
1684 887 1981 954 Eyssenh.:
2034 903 2208 940 meum
2242 903 2464 954 munus;

386 983 573 1035 Peter:
641 996 759 1033 meo
812 983 1049 1048 muneri3
1101 1012 1165 1018 -
1204 982 1325 1034 Alb.
1365 985 1418 1048 6,
1458 987 1513 1036 2:
1566 985 1677 1050 egit
1713 988 1768 1036 et
1814 984 2027 1050 legione
2081 990 2466 1050 quartanorum

390 1084 442 1130 et
476 1079 861 1145 primariorum.
900 1077 1036 1130 BP'.
1096 1108 1163 1115 —
1220 1077 1410 1130 Seuer.
1454 1081 1544 1144 16,
1584 1081 1643 1130 8:
1682 1094 1802 1130 cum
1827 1079 2119 1132 Antiochia
2156 1080 2465 1132 transisset.

387 1173 446 1225 B.
469 1173 699 1225 —Max.
736 1177 829 1239 24,
868 1176 927 1225 4:
967 1172 1071 1225 diei
1109 1174 1201 1224 uix
1237 1178 1418 1240 potest
1456 1180 1657 1240 quanta
1694 1173 1906 1226 laetitia
1943 1173 2108 1226 fuerit
2140 1191 2258 1227 cum
2298 1174 2470 1227 Roma

387 1284 486 1336 per
521 1268 734 1321 Italiam
774 1273 936 1336 caput
972 1267 1222 1321 ferretur.
1265 1269 1371 1321 BP.

593 1369 647 1416 et
672 1363 1022 1416 desideratiui
1050 1367 1103 1416 et
1142 1363 1369 1416 ablatiui
1406 1365 1549 1416 inter
1576 1379 1633 1418 se
1666 1371 2114 1418 commutatorum
2158 1365 2463 1432 exemplum

386 1461 511 1512 uide
557 1460 742 1512 Aurel.
798 1462 893 1526 47,
957 1464 1011 1512 1:
1069 1461 1299 1528 panibus
1358 1461 1509 1513 urbis
1566 1461 1770 1514 Romae
1825 1463 2038 1514 unciam
2093 1462 2160 1515 de
2215 1463 2466 1530 aegyptio

386 1557 644 1623 uectigali
683 1557 849 1609 auxit.

592 1645 895 1719 exemplum
944 1651 1169 1704 ablatiui
1218 1668 1316 1718 pro
1379 1652 1708 1704 nominatiuo
1765 1653 1974 1704 exarati
2033 1652 2204 1704 habes
2249 1653 2303 1704 in
2353 1653 2467 1704 uita

385 1748 567 1801 Valer.
597 1750 643 1812 7,
673 1749 730 1798 7:
763 1747 967 1813 primus
995 1762 1191 1813 genere
1218 1748 1417 1799 nobilis
1444 1749 1703 1813 sanguine
1731 1748 2050 1800 emendatus
2079 1749 2193 1800 uita
2219 1748 2464 1800 doctrina

386 1843 565 1895 clarus
602 1842 841 1894 moribus
880 1841 1059 1893 clarus
1098 1843 1346 1909 exemplo
1385 1843 1742 1910 antiquitatis,

592 1938 783 1989 mirum
809 1942 892 1988 est
916 1937 1059 2002 quod
1089 1937 1290 2003 legitur
1328 1939 1382 1990 in
1408 1939 1511 1990 hoc
1550 1939 1796 2006 exemplo
1826 1938 2014 1991 Claud.
2060 1942 2154 2005 14,
2186 1942 2210 1990 1
2230 1943 2289 1990 5:
2327 1939 2466 1992 haee

385 2040 565 2087 antem
602 2033 779 2085 omnia
815 2033 1126 2100 specialiter
1151 2050 1258 2086 non
1284 2035 1439 2100 quasi
1475 2034 1691 2086 tribuno
1729 2034 1824 2086 sed
1851 2033 2008 2100 quasi
2036 2035 2090 2086 in
2119 2033 2308 2088 ducem
2346 2035 2465 2088 loco

384 2131 571 2196 detuli,
610 2130 774 2182 BPM.
801 2131 904 2182 uiri
940 2129 1082 2182 docti
1122 2131 1273 2183 uarie
1312 2132 1489 2183 locum
1526 2135 1905 2182 tentauerunt:
1948 2130 2177 2182 Gruter:
2217 2117 2462 2184 ducendo

384 2226 577 2278 locum.
641 2225 899 2279 Casaub.:
955 2225 1245 2279 ducendos,
1304 2225 1561 2278 Salmas:
1613 2225 1805 2277 ducem
1853 2241 1881 2277 e
1933 2225 2067 2278 loco.
2135 2225 2463 2278 Mommsen:

382 2323 677 2374 exercitum
714 2321 866 2373 ducis
905 2321 1037 2373 loco.
1079 2321 1281 2373 nullius
1319 2322 1682 2373 coniecturam
1723 2319 2016 2373 defendere
2056 2321 2246 2373 ausim.
2302 2321 2458 2374 uide-

384 2423 478 2470 ant
516 2417 626 2470 alii.
1637 2469 1643 2474 ,

592 2529 786 2566 nomen
837 2513 1234 2564 substantiuum
1284 2513 1558 2565 adtributo
1610 2512 1697 2564 uel
1735 2512 2052 2580 praedicato
2090 2514 2176 2565 uel
2233 2513 2463 2566 relatiuo

382 2610 595 2676 generis
632 2608 773 2660 alius
812 2609 1104 2675 excipitur:
1146 2607 1333 2660 Claud.
1363 2611 1410 2674 7,
1438 2609 1500 2660 6:
1540 2608 1609 2661 ad
1646 2609 1879 2675 patriam
1908 2608 2082 2660 solum
2117 2608 2310 2660 redire.
2352 2609 2460 2660 13³:

380 2706 631 2772 patrium.
688 2735 754 2742 —
802 2703 873 2756 ib.
920 2707 970 2770 8,
1014 2708 1067 2755 1:
1117 2704 1424 2756 habuerunt
1473 2703 1742 2771 duplicem
1786 2720 2065 2756 numerum
2107 2719 2265 2769 quam
2306 2703 2456 2755 illum

382 2817 501 2867 qna.
540 2801 706 2852 BPM.

587 2923 713 2985 iam
788 2942 935 2986 uero
1006 2923 1374 3004 praefationi
1436 2922 1625 2986 finem
1686 2923 2030 3004 imponam,
2093 2943 2236 2986 eum
2299 2943 2456 3005 quae

384 3055 573 3116 supra
616 3037 833 3098 monui
863 3027 1195 3100 manifeste
1228 3036 1493 3098 doceant
1535 3054 1660 3098 non
1694 3035 1990 3098 inutilem
2037 3036 2312 3100 laborem
2358 3055 2457 3099 me

381 3148 767 3232 conligendis
815 3149 1000 3230 atque
1046 3149 1112 3212 in
1158 3150 1401 3212 certum
1446 3149 1726 3212 ordinem
1757 3148 2122 3212 reuocandis
2155 3149 2456 3230 exemplis

384 3262 751 3343 suscepisse.
801 3262 965 3342 quod
1012 3281 1157 3325 uero
1206 3263 1281 3325 ad
1314 3262 1595 3325 ordinem
1628 3262 1870 3325 adtinet
1899 3262 2162 3326 fortasse
2196 3262 2458 3344 quibus-

382 3375 526 3437 dam
558 3374 903 3438 obfensioni
938 3374 1073 3452 erit,
1109 3375 1272 3457 quod
1302 3375 1703 3456 potissimum
1734 3377 2110 3456 respexerim
2151 3376 2456 3458 quomodo

352 3487 943 3569 praepositionibus
1014 3487 1156 3550 boni
1230 3488 1359 3551 sint
1403 3489 1504 3552 usi
1550 3487 1899 3569 scriptoreS‚
1947 3508 2071 3552 non
2117 3489 2456 3570 respiciens

380 3600 912 3682 praepositionum
937 3602 1245 3678 naturam,
1280 3621 1403 3682 qua
1424 3601 1490 3664 in
1514 3601 1746 3664 locales
1780 3602 2154 3683 temporales
2177 3602 2456 3666 modales

382 3713 666 3776 causales
713 3713 1101 3776 diuiduntur.
1159 3715 1227 3776 in
1290 3714 1458 3777 binio
1520 3714 1817 3778 uidelicet
1879 3715 2121 3778 stabam
2177 3716 2250 3778 ut
2313 3715 2456 3778 ante

382 3827 497 3889 hos
539 3825 993 3910 quinquaginta
1041 3847 1235 3890 annos
1279 3827 1465 3890 Hand
1528 3827 1637 3890 ille
1710 3847 1854 3890 cum
1925 3828 2078 3890 haec
2126 3828 2456 3891 scriberet:

392 3939 577 4014 „haee
624 3957 770 4001 uero
818 3938 1027 4002 omnia
1072 3959 1216 4002 cum
1254 3941 1518 4022 cognata
1564 3939 1691 4002 siut
1737 3942 1802 4002 et
1848 3941 2034 4003 unius
2082 3940 2339 4023 originis
2385 3961 2458 4004 ea

380 4052 545 4115 inter
592 4071 657 4114 se
702 4053 834 4114 tam
878 4052 1270 4116 familiariter
1316 4055 1542 4116 coeunt
1588 4072 1656 4116 ac
1704 4054 2054 4128 cohaerent,
2118 4055 2191 4116 ut
2236 4053 2454 4115 multis

378 4164 445 4228 in
492 4164 790 4246 exemplis
838 4165 1098 4228 dubium
1145 4167 1229 4230 sit
1274 4187 1385 4230 nec
1414 4185 1788 4250 magnopere
1820 4167 2050 4229 referat
2094 4167 2308 4229 utrum
2340 4167 2457 4229 hoc

382 4297 461 4340 an
508 4277 617 4339 illo
664 4277 914 4340 nomine
960 4277 1265 4341 rationem
1296 4279 1781 4360 comprehendas
1814 4279 2016 4342 ueluti
2061 4298 2315 4342 causam
2359 4278 2457 4340 in-

377 4389 661 4474 tellegeS‚
709 4390 816 4454 ubi
862 4390 969 4454 alii
1012 4411 1145 4456 rem
1192 4411 1263 4454 ex
1309 4391 1519 4479 aliqua
1561 4394 1736 4480 parte
1769 4391 2280 4464 considerandam
2311 4411 2456 4458 cen-
