3400 5317
1730 692 2166 757 ..-34,.

1113 887 1195 952 Η.
1255 906 1322 967 p.
1385 885 1574 967 494,
1633 886 1695 951 8.
1744 904 1845 967 sq.
1894 885 2079 950 Gord.
2127 886 2244 960 23,
2310 885 2396 947 7:
2444 883 2587 964 post
2645 880 2809 963 quod
2856 900 2982 943 non

904 998 1146 1080 puerile
1203 998 1331 1061 iam
1373 998 1707 1061 uidebatur
1757 997 2127 1079 imperium:
2159 1032 2247 1041 —-
2314 980 2489 1077 „post
2534 994 2685 1057 hoc“
2747 992 3011 1076 legitur·

869 1106 1048 1173 Did.
1096 1110 1229 1175 Jul.
1281 1113 1340 1187 2,
1390 1111 1463 1185 1;
1515 1109 1722 1173 Seuer.
1776 1112 1835 1187 3,
1888 1112 1957 1185 73
2005 1110 2066 1185 4,
2115 1111 2186 1184 2;
2236 1109 2336 1184 12,
2385 1110 2459 1183 9;
2528 1108 2627 1183 16,
2678 1107 2752 1184 93
2815 1105 2983 1169 Pert.

905 1226 966 1300 4,
1017 1226 1092 1298 2;
1138 1224 1332 1287 Marc.
1380 1224 1440 1298 4,
1493 1223 1564 1296 7;
1614 1221 1826 1288 Carae.
1875 1224 1933 1299 3,
1983 1223 2056 1297 5;
2120 1222 2179 1299 6,
2229 1222 2303 1295 1;
2352 1220 2513 1284 Geta
2573 1220 2631 1296 6,
2694 1220 2770 1293 2;
2820 1217 2987 1280 Max.

912 1338 971 1414 3,
1019 1337 1094 1411 43
1155 1337 1272 1413 22,
1337 1337 1410 1410 63
1475 1337 1592 1413 24,
1656 1334 1979 1410 33-Gord.
2029 1337 2088 1411 9,
2150 1335 2224 1408 6;
2276 1334 2391 1409 19,
2440 1334 2514 1407 93
2577 1333 2693 1407 22,
2768 1333 2841 1405 63
2906 1364 2986 1373 -

920 1449 1097 1529 „post
1153 1448 1342 1510 haec“
1398 1447 1632 1531 legitur
1677 1466 1993 1529 persaepe,
2041 1445 2248 1509 uelut:
2296 1445 2457 1509 Max,
2509 1445 2621 1520 11,
2673 1445 2743 1517 7;
2792 1442 2989 1505 Marc.

915 1562 1028 1636 17,
1079 1561 1147 1634 13
1196 1561 1255 1636 6,
1305 1561 1378 1635 6;
1429 1559 1614 1625 Gord.
1656 1562 1774 1635 23,
1823 1561 1897 1633 3;
1944 1561 2061 1635 27,
2111 1560 2181 1632 5;
2227 1558 2420 1621 Hadr.
2462 1558 2577 1634 13,
2629 1557 2699 1630 1;
2748 1556 2864 1631 25,
2913 1556 2989 1628 5;

915 1671 1123 1737 Seuer.
1177 1672 1295 1748 14,
1344 1674 1418 1748 2:
1479 1673 1644 1735 Max,
1708 1673 1771 1734 et
1817 1671 1997 1735 Balb.
2046 1673 2105 1749 2,
2156 1672 2223 1746 1;
2278 1673 2337 1746 2,
2384 1671 2460 1744 9;
2523 1671 2580 1745 5,
2632 1670 2761 1742 10;
2819 1668 2985 1731 Max.

914 1786 1030 1861 26,
1080 1787 1152 1859 6;
1207 1821 1280 1829 -
1331 1783 1508 1848 Alex.
1543 1783 1754 1848 Seuer.
1788 1785 1905 1861 29,
1953 1786 2023 1847 4:
2072 1782 2298 1847 dehinc
2330 1782 2382 1845 si
2413 1782 2567 1844 hora
2595 1778 2992 1862 permitteret

908 1896 1152 1961 actibus
1200 1895 1469 1977 publicis
1515 1897 1658 1977 post
1702 1895 1973 1959 multam
2018 1914 2268 1978 operam
2313 1894 2503 1957 dabat
2516 1893 2616 1976 28).
2682 1928 2764 1936 ·——

1806 2140 2085 2219 Ante.

1115 2270 1204 2360 Η.
1264 2294 1323 2357 Ι.
1381 2314 1450 2377 p.
1505 2292 1690 2358 365.
1757 2293 1834 2357 cf.
1898 2294 2063 2368 Pott,
2112 2293 2316 2374 Etym.
2395 2291 2841 2372 Forschungen
2919 2308 2979 2369 p.

905 2410 1080 2471 260.
1125 2426 1254 2488 sqq.
1305 2406 1497 2470 Marc.
1547 2408 1606 2484 3,
1655 2408 1731 2469 4:
1782 2406 1885 2469 cui
1934 2425 1987 2468 a.
2020 2404 2366 2486 praefectos
2400 2402 2705 2485 praetorio
2738 2419 2985 2481 semper

909 2520 1192 2584 osculum
1241 2519 1441 2594 dedit3
1496 2557 1568 2563 -
1618 2519 1867 2601 Heliog.
1918 2520 2032 2580 33.
2084 2519 2156 2579 6:
2220 2517 2453 2580 fecerat
2497 2517 2561 2578 et
2606 2513 2985 2594 altissimam

906 2634 1143 2696 turrem
1191 2630 1523 2695 substratis
1573 2630 1777 2694 aureis
1809 2629 2265 2713 gemmatisque
2300 2648 2353 2692 a.
2394 2647 2458 2691 se
2493 2626 2729 2691 tabulis
2746 2622 2866 2709 29);
2909 2662 2982 2667 -

906 2787 1048 2840 unde
1086 2788 1224 2840 ratio
1274 2786 1373 2839 illa
1421 2792 1566 2839 esset
1614 2786 1892 2852 instituta:
1944 2784 2011 2837 de
2048 2799 2181 2837 uoce
2222 2782 2541 2850 ‚‚consistit“
2590 2778 2839 2856 conferas
2889 2780 2985 2831 uit.

906 2884 1076 2936 Marc.
1107 2884 1196 2935 18:
1232 2881 1498 2949 „denique
1523 2880 1792 2947 hodieque
1821 2882 1876 2933 in
1902 2880 2085 2932 multis
2112 2879 2358 2933 domibus
2383 2878 2457 2930 M.
2483 2876 2744 2930 Antonini
2772 2881 2986 2947 statuae

909 2979 1262 3032 consistunt.“
1313 3007 1377 3015 —
1428 2978 1609 3029 Peteri
1647 2976 1817 3029 uerba
1852 2975 2201 3029 fundamento
2240 2990 2425 3027 carere
2466 2972 2755 3026 adfirmare
2792 2970 2983 3023 ausim.

834 3104 838 3109 ·
911 3074 1210 3126 subiectum
1258 3071 1401 3139 quod
1463 3072 1661 3126 dicitur
1721 3072 1881 3125 huius
1944 3070 2208 3124 enuntiati
2267 3069 2501 3123 Seuerus
2555 3066 2829 3135 putandus
2884 3069 2987 3131 est,

910 3168 1054 3236 quod
1091 3184 1158 3221 ex
1206 3159 1612 3233 insequentib‘us
1661 3173 1829 3235 patet.
1878 3166 2022 3233 quod
2071 3182 2191 3218 cum
2227 3168 2304 3218 ita
2341 3180 2399 3217 se
2440 3164 2641 3217 habeat
2678 3161 2995 3215 Gasauboni·

915 3278 1126 3330 quoque
1185 3263 1494 3315 coniectura
1549 3261 1906 3331 supersedere
1970 3276 2275 3329 possumne.
2348 3259 2654 3327 exemplum
2714 3241 2919 3311 autem⁴
2956 3272 2989 3309 a

914 3358 1111 3411 Petero
1150 3358 1369 3411 citatum
1407 3375 1514 3412 non
1551 3358 1701 3411 ualet
1738 3357 1809 3411 ad
1846 3358 1962 3410 eius
2001 3356 2323 3410 sententiam
2364 3354 2707 3408 fulciendam.
2746 3382 2812 3391 —

1123 3454 1190 3519 28)
1231 3453 1500 3521 Scaliger:
1537 3459 1662 3521 post
1697 3453 1930 3520 multae:
1972 3452 2145 3506 Salm:
2183 3468 2292 3504 non
2327 3450 2581 3516 multam3
2617 3449 2826 3501 Haase:
2864 3452 2991 3514 post

911 3548 1294 3616 meridianam;
1331 3548 1659 3626 Mommsen:
1714 3548 2074 3617 postulatam:
2126 3547 2356 3600 conicio:
2407 3544 2730 3615 permultam
2768 3556 2989 3611 operam

914 3645 1094 3698 dabat.
1137 3651 1262 3712 post
1299 3651 1354 3698 et
1390 3660 1490 3713 per
1526 3645 1582 3697 in
1618 3644 1775 3697 libris
1812 3658 2144 3712 mansscrpp.
2186 3642 2401 3710 saepius
2434 3646 2789 3694 commutatas
2824 3652 2989 3691 uoces
3018 3676 3027 3683 .

913 3756 1052 3807 esse,
1089 3745 1274 3794 notum
1313 3745 1410 3793 est.
1449 3770 1513 3779 —-

1120 3838 1186 3901 ²⁹)
1229 3835 1458 3889 SalmaS.
1507 3837 1547 3889 1.
1585 3853 1638 3904 p.
1675 3838 1819 3903 876,
1859 3838 1918 3887 6:
1960 3836 2068 3895 „sic
2120 3834 2295 3887 Pollio
2340 3834 2395 3885 in
2435 3832 2727 3885 Gallienis:
2778 3830 2890 3897 (18,
2930 3830 2987 3895 5)

914 3933 991 3985 ita
1027 3937 1088 3984 ut
1135 3932 1341 3998 primus
1378 3932 1511 3985 ordo
1548 3931 1690 4000 pilas
1738 3914 1966 3984 haberet
2002 3936 2056 3983 et
2093 3944 2141 3983 a.
2180 3945 2238 3982 se
2277 3928 2553 3982 columnas
2603 3942 2723 3979 cum
2774 3924 2991 3991 statuiS,

840 4099 844 4102 ἢ
917 4026 1004 4093 (cf.
1057 4026 1283 4079 Salmas.
1333 4027 1401 4079 II.
1452 4044 1504 4095 p.
1543 4031 1685 4094 242,
1740 4027 1813 4093 b.)
1867 4028 1943 4080 sic
1992 4033 2181 4079 contra
2218 4040 2277 4077 se
2320 4024 2561 4091 porticus
2598 4023 2655 4073 in
2693 4020 2867 4074 ueteri
2903 4019 2987 4071 in—

919 4123 1211 4189 scriptione
1271 4138 1369 4189 pro
1433 4138 1462 4176 e
1523 4122 1794 4189 regione.“
1858 4126 2046 4174 contra
2091 4120 2252 4173 Haud
2309 4120 2344 4171 l.
2391 4119 2425 4171 l.
2483 4118 2663 4186 „quod
2722 4115 2991 4168 Salmasio

917 4218 1244 4271 uidebantur
1306 4219 1635 4271 recentiores
1686 4217 1887 4270 dixisse
1943 4222 2105 4283 „ante
2162 4216 2255 4268 se“
2312 4230 2410 4282 pro
2478 4212 2737 4265 aduerbio
2787 4211 2990 4277 „ante“

916 4313 972 4365 id
1025 4330 1132 4366 non
1181 4313 1427 4367 adhiberi
1481 4320 1695 4381 poterat
1748 4314 1805 4365 in
1854 4311 2194 4365 defendenda
2248 4312 2470 4375 antiqua
2519 4308 2789 4375 scriptura
2844 4304 2989 4373 apud

917 4409 1133 4475 Lampr.
1172 4408 1382 4475 Heliog.
1417 4410 1538 4461 33.“
1569 4437 1622 4445 ω
1647 4423 1709 4460 ac
1747 4422 1875 4459 uero
1915 4412 1997 4459 est
2022 4422 2127 4473 quo
2165 4405 2521 4458 obfendamur
2537 4404 2594 4455 in
2623 4403 2728 4456 hac
2753 4401 2991 4454 dictione
