<?xml version="1.0" encoding="UTF-8"?>
<!DOCTYPE html PUBLIC "-//W3C//DTD XHTML 1.0 Transitional//EN"
    "http://www.w3.org/TR/xhtml1/DTD/xhtml1-transitional.dtd">
<html xmlns="http://www.w3.org/1999/xhtml" xml:lang="en" lang="en">
 <head>
  <title>
</title>
<meta http-equiv="Content-Type" content="text/html;charset=utf-8" />
  <meta name='ocr-system' content='tesseract 3.04.00' />
  <meta name='ocr-capabilities' content='ocr_page ocr_carea ocr_par ocr_line ocrx_word'/>
</head>
<body>
  <div class='ocr_page' id='page_1' title='image "./depraepositionu00kraugoog_0014.png"; bbox 0 0 3400 5317; ppageno 0'>
   <div class='ocr_carea' id='block_1_1' title="bbox 309 0 818 3">
    <p class='ocr_par' dir='ltr' id='par_1_1' title="bbox 309 0 818 3">
     <span class='ocr_line' id='line_1_1' title="bbox 309 0 818 3; baseline 0 0"><span class='ocrx_word' id='word_1_1' title='bbox 309 0 818 3; x_wconf 95' lang='lat' dir='ltr'><strong> </strong></span> 
     </span>
    </p>
   </div>
   <div class='ocr_carea' id='block_1_2' title="bbox 806 669 963 731">
    <p class='ocr_par' dir='ltr' id='par_1_2' title="bbox 806 669 963 731">
     <span class='ocr_line' id='line_1_2' title="bbox 806 669 963 731; baseline 0 0"><span class='ocrx_word' id='word_1_2' title='bbox 806 669 963 731; x_wconf 89' lang='lat' dir='ltr'>VIII</span> 
     </span>
    </p>
   </div>
   <div class='ocr_carea' id='block_1_3' title="bbox 804 855 2875 1280">
    <p class='ocr_par' dir='ltr' id='par_1_3' title="bbox 804 855 2875 1280">
     <span class='ocr_line' id='line_1_3' title="bbox 805 855 2867 938; baseline 0 -18"><span class='ocrx_word' id='word_1_3' title='bbox 805 857 1195 922; x_wconf 71' lang='lat' dir='ltr'><strong>satisfaciant</strong></span> <span class='ocrx_word' id='word_1_4' title='bbox 1223 859 1295 921; x_wconf 91' lang='lat' dir='ltr'><strong>ut</strong></span> <span class='ocrx_word' id='word_1_5' title='bbox 1324 859 1539 922; x_wconf 88' lang='lat' dir='ltr'><strong>contra</strong></span> <span class='ocrx_word' id='word_1_6' title='bbox 1581 857 1864 921; x_wconf 91' lang='lat' dir='ltr'><strong>codicum</strong></span> <span class='ocrx_word' id='word_1_7' title='bbox 1895 857 2332 922; x_wconf 90' lang='lat' dir='ltr'><strong>auctoritatem</strong></span> <span class='ocrx_word' id='word_1_8' title='bbox 2362 855 2665 938; x_wconf 82' lang='lat' dir='ltr'><strong>quasdam</strong></span> <span class='ocrx_word' id='word_1_9' title='bbox 2697 856 2867 920; x_wconf 83' lang='lat' dir='ltr'><strong>uitas</strong></span> 
     </span>
     <span class='ocr_line' id='line_1_4' title="bbox 804 969 2875 1052; baseline 0 -18"><span class='ocrx_word' id='word_1_10' title='bbox 804 971 915 1034; x_wconf 92' lang='lat' dir='ltr'><strong>uni</strong></span> <span class='ocrx_word' id='word_1_11' title='bbox 976 971 1237 1036; x_wconf 89' lang='lat' dir='ltr'><strong>alteriue</strong></span> <span class='ocrx_word' id='word_1_12' title='bbox 1306 971 1529 1034; x_wconf 88' lang='lat' dir='ltr'><strong>horum</strong></span> <span class='ocrx_word' id='word_1_13' title='bbox 1588 970 1962 1052; x_wconf 84' lang='lat' dir='ltr'><strong>scriptorum</strong></span> <span class='ocrx_word' id='word_1_14' title='bbox 2037 970 2494 1047; x_wconf 79' lang='lat' dir='ltr'><strong>adtribuantur,</strong></span> <span class='ocrx_word' id='word_1_15' title='bbox 2554 969 2680 1033; x_wconf 90' lang='lat' dir='ltr'><strong>alia</strong></span> <span class='ocrx_word' id='word_1_16' title='bbox 2738 989 2875 1051; x_wconf 94' lang='lat' dir='ltr'><strong>pro-</strong></span> 
     </span>
     <span class='ocr_line' id='line_1_5' title="bbox 804 1081 2866 1168; baseline -0.001 -21"><span class='ocrx_word' id='word_1_17' title='bbox 804 1083 1009 1148; x_wconf 88' lang='lat' dir='ltr'><strong>ferant</strong></span> <span class='ocrx_word' id='word_1_18' title='bbox 1038 1085 1225 1165; x_wconf 89' lang='lat' dir='ltr'><strong>atque</strong></span> <span class='ocrx_word' id='word_1_19' title='bbox 1246 1083 1417 1147; x_wconf 84' lang='lat' dir='ltr'><strong>Plew</strong></span> <span class='ocrx_word' id='word_1_20' title='bbox 1443 1081 1495 1168; x_wconf 91' lang='lat'><strong>¹)</strong></span> <span class='ocrx_word' id='word_1_21' title='bbox 1528 1085 1593 1147; x_wconf 88' lang='lat' dir='ltr'><strong>et</strong></span> <span class='ocrx_word' id='word_1_22' title='bbox 1620 1083 1856 1147; x_wconf 87' lang='lat' dir='ltr'><strong>Brocks</strong></span> <span class='ocrx_word' id='word_1_23' title='bbox 1879 1081 1957 1168; x_wconf 86' lang='lat'><strong>²),</strong></span> <span class='ocrx_word' id='word_1_24' title='bbox 1991 1089 2264 1165; x_wconf 87' lang='lat' dir='ltr'><strong>quorum</strong></span> <span class='ocrx_word' id='word_1_25' title='bbox 2283 1085 2570 1164; x_wconf 89' lang='lat' dir='ltr'><strong>uterque·</strong></span> <span class='ocrx_word' id='word_1_26' title='bbox 2589 1082 2866 1145; x_wconf 80' lang='lat' dir='ltr'><strong>tironum</strong></span> 
     </span>
     <span class='ocr_line' id='line_1_6' title="bbox 804 1195 2874 1280; baseline -0 -21"><span class='ocrx_word' id='word_1_27' title='bbox 804 1215 973 1260; x_wconf 88' lang='lat' dir='ltr'><strong>more</strong></span> <span class='ocrx_word' id='word_1_28' title='bbox 1002 1215 1134 1259; x_wconf 90' lang='lat' dir='ltr'><strong>rem</strong></span> <span class='ocrx_word' id='word_1_29' title='bbox 1156 1197 1587 1260; x_wconf 89' lang='lat' dir='ltr'><strong>tractauerunt</strong></span> <span class='ocrx_word' id='word_1_30' title='bbox 1616 1196 1784 1260; x_wconf 87' lang='lat' dir='ltr'><strong>haud</strong></span> <span class='ocrx_word' id='word_1_31' title='bbox 1814 1215 1952 1259; x_wconf 89' lang='lat' dir='ltr'><strong>raro</strong></span> <span class='ocrx_word' id='word_1_32' title='bbox 1967 1195 2130 1260; x_wconf 90' lang='lat' dir='ltr'><strong>falsa</strong></span> <span class='ocrx_word' id='word_1_33' title='bbox 2157 1195 2560 1276; x_wconf 91' lang='lat' dir='ltr'><strong>protulerunt</strong></span> <span class='ocrx_word' id='word_1_34' title='bbox 2591 1195 2874 1280; x_wconf 88' lang='lat' dir='ltr'><strong>singulas</strong></span> 
     </span>
    </p>
   </div>
   <div class='ocr_carea' id='block_1_4' title="bbox 3345 0 3352 552">
    <p class='ocr_par' dir='ltr' id='par_1_4' title="bbox 3345 0 3352 552">
     <span class='ocr_line' id='line_1_7' title="bbox 3345 0 3352 552; baseline 0 0"><span class='ocrx_word' id='word_1_35' title='bbox 3345 0 3352 552; x_wconf 95' lang='lat' dir='ltr'><strong> </strong></span> 
     </span>
    </p>
   </div>
   <div class='ocr_carea' id='block_1_5' title="bbox 804 1308 3010 1394">
    <p class='ocr_par' dir='ltr' id='par_1_5' title="bbox 804 1308 3010 1394">
     <span class='ocr_line' id='line_1_8' title="bbox 804 1308 3010 1394; baseline 0 -22"><span class='ocrx_word' id='word_1_36' title='bbox 804 1309 969 1372; x_wconf 90' lang='lat' dir='ltr'><strong>uitas</strong></span> <span class='ocrx_word' id='word_1_37' title='bbox 1000 1309 1285 1390; x_wconf 81' lang='lat' dir='ltr'><strong>scriptori</strong></span> <span class='ocrx_word' id='word_1_38' title='bbox 1316 1309 1462 1373; x_wconf 90' lang='lat' dir='ltr'><strong>huic</strong></span> <span class='ocrx_word' id='word_1_39' title='bbox 1492 1309 1597 1382; x_wconf 84' lang='lat' dir='ltr'><strong>uel</strong></span> <span class='ocrx_word' id='word_1_40' title='bbox 1626 1309 1726 1371; x_wconf 92' lang='lat' dir='ltr'><strong>illi</strong></span> <span class='ocrx_word' id='word_1_41' title='bbox 1757 1308 2202 1372; x_wconf 78' lang='lat' dir='ltr'><strong>adiudicanteS.</strong></span> <span class='ocrx_word' id='word_1_42' title='bbox 2251 1327 2515 1390; x_wconf 90' lang='lat' dir='ltr'><strong>quorum</strong></span> <span class='ocrx_word' id='word_1_43' title='bbox 2551 1308 2876 1372; x_wconf 83' lang='lat' dir='ltr'><strong>temeritas</strong></span> <span class='ocrx_word' id='word_1_44' title='bbox 2943 1385 2951 1394; x_wconf 34' lang='lat'><strong>·</strong></span> <span class='ocrx_word' id='word_1_45' title='bbox 2987 1337 3010 1358; x_wconf 72' lang='grc' dir='ltr'><strong><em>ο</em></strong></span> 
     </span>
    </p>
   </div>
   <div class='ocr_carea' id='block_1_6' title="bbox 806 1421 2964 4218">
    <p class='ocr_par' dir='ltr' id='par_1_6' title="bbox 806 1421 2958 2277">
     <span class='ocr_line' id='line_1_9' title="bbox 806 1421 2876 1505; baseline 0 -20"><span class='ocrx_word' id='word_1_46' title='bbox 806 1422 908 1486; x_wconf 89' lang='lat' dir='ltr'><strong>uel</strong></span> <span class='ocrx_word' id='word_1_47' title='bbox 954 1422 1071 1485; x_wconf 88' lang='lat' dir='ltr'><strong>hac</strong></span> <span class='ocrx_word' id='word_1_48' title='bbox 1100 1440 1167 1484; x_wconf 93' lang='lat' dir='ltr'><strong>re</strong></span> <span class='ocrx_word' id='word_1_49' title='bbox 1196 1421 1587 1503; x_wconf 82' lang='lat' dir='ltr'><strong>perspicitur,</strong></span> <span class='ocrx_word' id='word_1_50' title='bbox 1635 1421 1800 1504; x_wconf 91' lang='lat' dir='ltr'><strong>quod</strong></span> <span class='ocrx_word' id='word_1_51' title='bbox 1830 1421 2118 1503; x_wconf 89' lang='lat' dir='ltr'><strong>quamuis</strong></span> <span class='ocrx_word' id='word_1_52' title='bbox 2164 1440 2289 1485; x_wconf 90' lang='lat' dir='ltr'><strong>non</strong></span> <span class='ocrx_word' id='word_1_53' title='bbox 2335 1422 2492 1485; x_wconf 91' lang='lat' dir='ltr'><strong>satis</strong></span> <span class='ocrx_word' id='word_1_54' title='bbox 2539 1421 2876 1505; x_wconf 86' lang='lat' dir='ltr'><strong>diligenter</strong></span> 
     </span>
     <span class='ocr_line' id='line_1_10' title="bbox 808 1534 2958 1622; baseline 0 -25"><span class='ocrx_word' id='word_1_55' title='bbox 808 1535 1069 1598; x_wconf 87' lang='lat' dir='ltr'><strong>materia</strong></span> <span class='ocrx_word' id='word_1_56' title='bbox 1123 1534 1208 1598; x_wconf 94' lang='lat' dir='ltr'><strong>sit</strong></span> <span class='ocrx_word' id='word_1_57' title='bbox 1274 1534 1554 1598; x_wconf 89' lang='lat' dir='ltr'><strong>conlecta</strong></span> <span class='ocrx_word' id='word_1_58' title='bbox 1611 1536 1676 1598; x_wconf 91' lang='lat' dir='ltr'><strong>et</strong></span> <span class='ocrx_word' id='word_1_59' title='bbox 1731 1534 2116 1618; x_wconf 87' lang='lat' dir='ltr'><strong>inuestigata</strong></span> <span class='ocrx_word' id='word_1_60' title='bbox 2171 1535 2302 1598; x_wconf 90' lang='lat' dir='ltr'><strong>tam</strong></span> <span class='ocrx_word' id='word_1_61' title='bbox 2359 1534 2744 1599; x_wconf 87' lang='lat' dir='ltr'><strong>confidenter</strong></span> <span class='ocrx_word' id='word_1_62' title='bbox 2809 1535 2874 1597; x_wconf 91' lang='lat' dir='ltr'><strong>in</strong></span> <span class='ocrx_word' id='word_1_63' title='bbox 2951 1617 2958 1622; x_wconf 26' lang='grc' dir='ltr'>Ι</span> 
     </span>
     <span class='ocr_line' id='line_1_11' title="bbox 808 1645 2880 1729; baseline 0 -19"><span class='ocrx_word' id='word_1_64' title='bbox 808 1645 1233 1710; x_wconf 87' lang='lat' dir='ltr'><strong>adtribuendis</strong></span> <span class='ocrx_word' id='word_1_65' title='bbox 1278 1649 1341 1711; x_wconf 90' lang='lat' dir='ltr'><strong>et</strong></span> <span class='ocrx_word' id='word_1_66' title='bbox 1385 1646 1812 1711; x_wconf 89' lang='lat' dir='ltr'><strong>abiudicandis</strong></span> <span class='ocrx_word' id='word_1_67' title='bbox 1859 1647 2010 1710; x_wconf 91' lang='lat' dir='ltr'><strong>uitis</strong></span> <span class='ocrx_word' id='word_1_68' title='bbox 2055 1646 2458 1725; x_wconf 87' lang='lat' dir='ltr'><strong>dissentiunt,</strong></span> <span class='ocrx_word' id='word_1_69' title='bbox 2505 1648 2684 1729; x_wconf 88' lang='lat' dir='ltr'><strong>quasi</strong></span> <span class='ocrx_word' id='word_1_70' title='bbox 2715 1647 2880 1711; x_wconf 85' lang='lat' dir='ltr'><strong>nihil</strong></span> 
     </span>
     <span class='ocr_line' id='line_1_12' title="bbox 809 1759 2882 1844; baseline 0 -20"><span class='ocrx_word' id='word_1_71' title='bbox 809 1780 912 1824; x_wconf 87' lang='lat' dir='ltr'><strong>eos</strong></span> <span class='ocrx_word' id='word_1_72' title='bbox 956 1760 1023 1823; x_wconf 91' lang='lat' dir='ltr'><strong>in</strong></span> <span class='ocrx_word' id='word_1_73' title='bbox 1068 1760 1515 1840; x_wconf 87' lang='lat' dir='ltr'><strong>perscrutanda</strong></span> <span class='ocrx_word' id='word_1_74' title='bbox 1558 1760 1822 1825; x_wconf 89' lang='lat' dir='ltr'><strong>materia</strong></span> <span class='ocrx_word' id='word_1_75' title='bbox 1865 1759 2150 1844; x_wconf 85' lang='lat' dir='ltr'><strong>fugisset.</strong></span> <span class='ocrx_word' id='word_1_76' title='bbox 2222 1779 2343 1842; x_wconf 96' lang='lat' dir='ltr'><strong>quo</strong></span> <span class='ocrx_word' id='word_1_77' title='bbox 2389 1760 2476 1824; x_wconf 91' lang='lat' dir='ltr'><strong>sit</strong></span> <span class='ocrx_word' id='word_1_78' title='bbox 2519 1760 2700 1824; x_wconf 92' lang='lat' dir='ltr'><strong>modo</strong></span> <span class='ocrx_word' id='word_1_79' title='bbox 2747 1761 2882 1824; x_wconf 86' lang='lat' dir='ltr'><strong>tota</strong></span> 
     </span>
     <span class='ocr_line' id='line_1_13' title="bbox 808 1872 2884 1954; baseline 0 -18"><span class='ocrx_word' id='word_1_80' title='bbox 808 1873 975 1936; x_wconf 88' lang='lat' dir='ltr'><strong>haec·</strong></span> <span class='ocrx_word' id='word_1_81' title='bbox 1009 1873 1289 1954; x_wconf 86' lang='lat' dir='ltr'><strong>quaestio</strong></span> <span class='ocrx_word' id='word_1_82' title='bbox 1333 1872 1780 1937; x_wconf 89' lang='lat' dir='ltr'><strong>consideranda</strong></span> <span class='ocrx_word' id='word_1_83' title='bbox 1824 1875 1992 1938; x_wconf 89' lang='lat' dir='ltr'><strong>recte</strong></span> <span class='ocrx_word' id='word_1_84' title='bbox 2020 1874 2149 1937; x_wconf 90' lang='lat' dir='ltr'><strong>iam</strong></span> <span class='ocrx_word' id='word_1_85' title='bbox 2180 1873 2524 1938; x_wconf 83' lang='lat' dir='ltr'><strong>Salmasius</strong></span> <span class='ocrx_word' id='word_1_86' title='bbox 2569 1872 2884 1936; x_wconf 86' lang='lat' dir='ltr'><strong>intellexit</strong></span> 
     </span>
     <span class='ocr_line' id='line_1_14' title="bbox 810 1985 2880 2068; baseline -0.001 -18"><span class='ocrx_word' id='word_1_87' title='bbox 810 1987 989 2050; x_wconf 90' lang='lat' dir='ltr'><strong>cuius</strong></span> <span class='ocrx_word' id='word_1_88' title='bbox 1022 1987 1171 2049; x_wconf 91' lang='lat' dir='ltr'><strong>sunt</strong></span> <span class='ocrx_word' id='word_1_89' title='bbox 1198 1985 1265 2049; x_wconf 91' lang='lat' dir='ltr'><strong>in</strong></span> <span class='ocrx_word' id='word_1_90' title='bbox 1296 1986 1741 2051; x_wconf 89' lang='lat' dir='ltr'><strong>commentario</strong></span> <span class='ocrx_word' id='word_1_91' title='bbox 1772 1989 1816 2050; x_wconf 90' lang='lat' dir='ltr'><strong>t.</strong></span> <span class='ocrx_word' id='word_1_92' title='bbox 1865 1987 1915 2049; x_wconf 93' lang='lat' dir='ltr'><strong>I.</strong></span> <span class='ocrx_word' id='word_1_93' title='bbox 1947 2007 2008 2068; x_wconf 90' lang='lat' dir='ltr'><strong>p.</strong></span> <span class='ocrx_word' id='word_1_94' title='bbox 2041 1989 2202 2050; x_wconf 84' lang='lat'>439:</span> <span class='ocrx_word' id='word_1_95' title='bbox 2260 1986 2513 2062; x_wconf 82' lang='lat' dir='ltr'><strong>„eadem</strong></span> <span class='ocrx_word' id='word_1_96' title='bbox 2559 1987 2625 2049; x_wconf 89' lang='lat' dir='ltr'><strong>in</strong></span> <span class='ocrx_word' id='word_1_97' title='bbox 2657 1986 2880 2049; x_wconf 85' lang='lat' dir='ltr'><strong>multis</strong></span> 
     </span>
     <span class='ocr_line' id='line_1_15' title="bbox 810 2098 2884 2182; baseline 0 -20"><span class='ocrx_word' id='word_1_98' title='bbox 810 2119 997 2182; x_wconf 89' lang='lat' dir='ltr'><strong>prope</strong></span> <span class='ocrx_word' id='word_1_99' title='bbox 1042 2099 1235 2163; x_wconf 89' lang='lat' dir='ltr'><strong>uerba</strong></span> <span class='ocrx_word' id='word_1_100' title='bbox 1262 2101 1337 2163; x_wconf 92' lang='lat' dir='ltr'><strong>ut</strong></span> <span class='ocrx_word' id='word_1_101' title='bbox 1366 2099 1416 2162; x_wconf 90' lang='lat' dir='ltr'><strong>si</strong></span> <span class='ocrx_word' id='word_1_102' title='bbox 1462 2098 1693 2163; x_wconf 89' lang='lat' dir='ltr'><strong>diuersi</strong></span> <span class='ocrx_word' id='word_1_103' title='bbox 1727 2101 1856 2163; x_wconf 91' lang='lat' dir='ltr'><strong>sint</strong></span> <span class='ocrx_word' id='word_1_104' title='bbox 1884 2103 2168 2164; x_wconf 84' lang='lat' dir='ltr'><strong>auctores</strong></span> <span class='ocrx_word' id='word_1_105' title='bbox 2199 2099 2493 2164; x_wconf 89' lang='lat' dir='ltr'><strong>censendi</strong></span> <span class='ocrx_word' id='word_1_106' title='bbox 2523 2119 2648 2164; x_wconf 89' lang='lat' dir='ltr'><strong>uno</strong></span> <span class='ocrx_word' id='word_1_107' title='bbox 2681 2099 2884 2163; x_wconf 90' lang='lat' dir='ltr'><strong>ueluti</strong></span> 
     </span>
     <span class='ocr_line' id='line_1_16' title="bbox 808 2189 1906 2277; baseline -0.002 -1"><span class='ocrx_word' id='word_1_108' title='bbox 808 2231 911 2276; x_wconf 86' lang='lat' dir='ltr'><strong>ore</strong></span> <span class='ocrx_word' id='word_1_109' title='bbox 957 2211 1152 2275; x_wconf 91' lang='lat' dir='ltr'><strong>locuti</strong></span> <span class='ocrx_word' id='word_1_110' title='bbox 1196 2211 1397 2276; x_wconf 89' lang='lat' dir='ltr'><strong>uideri</strong></span> <span class='ocrx_word' id='word_1_111' title='bbox 1442 2189 1764 2277; x_wconf 81' lang='lat' dir='ltr'><strong>debeant.“</strong></span> <span class='ocrx_word' id='word_1_112' title='bbox 1819 2251 1906 2259; x_wconf 91' lang='grc'><strong>--</strong></span> 
     </span>
    </p>

    <p class='ocr_par' dir='ltr' id='par_1_7' title="bbox 811 2325 2890 3538">
     <span class='ocr_line' id='line_1_17' title="bbox 1017 2325 2882 2408; baseline 0.002 -21"><span class='ocrx_word' id='word_1_113' title='bbox 1017 2325 1235 2408; x_wconf 89' lang='lat' dir='ltr'><strong>lingua</strong></span> <span class='ocrx_word' id='word_1_114' title='bbox 1281 2325 1482 2388; x_wconf 87' lang='lat' dir='ltr'><strong>latina</strong></span> <span class='ocrx_word' id='word_1_115' title='bbox 1510 2325 1714 2408; x_wconf 89' lang='lat' dir='ltr'><strong>qualis</strong></span> <span class='ocrx_word' id='word_1_116' title='bbox 1747 2326 1911 2408; x_wconf 87' lang='lat' dir='ltr'><strong>apud</strong></span> <span class='ocrx_word' id='word_1_117' title='bbox 1940 2327 2516 2408; x_wconf 87' lang='lat' dir='ltr'><strong>praestantissimos</strong></span> <span class='ocrx_word' id='word_1_118' title='bbox 2550 2327 2882 2408; x_wconf 88' lang='lat' dir='ltr'><strong>scriptores</strong></span> 
     </span>
     <span class='ocr_line' id='line_1_18' title="bbox 811 2439 2890 2523; baseline 0 -22"><span class='ocrx_word' id='word_1_119' title='bbox 811 2439 1045 2522; x_wconf 88' lang='lat' dir='ltr'><strong>legitur</strong></span> <span class='ocrx_word' id='word_1_120' title='bbox 1103 2457 1212 2519; x_wconf 89' lang='lat' dir='ltr'><strong>per</strong></span> <span class='ocrx_word' id='word_1_121' title='bbox 1274 2458 1623 2503; x_wconf 85' lang='lat' dir='ltr'><strong>sermonem</strong></span> <span class='ocrx_word' id='word_1_122' title='bbox 1684 2439 2006 2523; x_wconf 86' lang='lat' dir='ltr'><strong>uolgarem</strong></span> <span class='ocrx_word' id='word_1_123' title='bbox 2065 2459 2138 2504; x_wconf 82' lang='lat' dir='ltr'><strong>ex</strong></span> <span class='ocrx_word' id='word_1_124' title='bbox 2197 2442 2374 2521; x_wconf 89' lang='lat' dir='ltr'><strong>parte</strong></span> <span class='ocrx_word' id='word_1_125' title='bbox 2435 2459 2578 2504; x_wconf 90' lang='lat' dir='ltr'><strong>cum</strong></span> <span class='ocrx_word' id='word_1_126' title='bbox 2646 2439 2890 2523; x_wconf 83' lang='lat' dir='ltr'><strong>linguis</strong></span> 
     </span>
     <span class='ocr_line' id='line_1_19' title="bbox 814 2551 2884 2634; baseline 0 -19"><span class='ocrx_word' id='word_1_127' title='bbox 814 2551 1117 2616; x_wconf 88' lang='lat' dir='ltr'><strong>Italorum</strong></span> <span class='ocrx_word' id='word_1_128' title='bbox 1162 2553 1447 2615; x_wconf 89' lang='lat' dir='ltr'><strong>ueterum</strong></span> <span class='ocrx_word' id='word_1_129' title='bbox 1509 2571 1581 2615; x_wconf 83' lang='lat' dir='ltr'><strong>ex</strong></span> <span class='ocrx_word' id='word_1_130' title='bbox 1640 2555 1814 2634; x_wconf 90' lang='lat' dir='ltr'><strong>parte</strong></span> <span class='ocrx_word' id='word_1_131' title='bbox 1877 2572 2022 2616; x_wconf 91' lang='lat' dir='ltr'><strong>cum</strong></span> <span class='ocrx_word' id='word_1_132' title='bbox 2065 2553 2340 2616; x_wconf 89' lang='lat' dir='ltr'><strong>romanis</strong></span> <span class='ocrx_word' id='word_1_133' title='bbox 2386 2571 2542 2634; x_wconf 90' lang='lat' dir='ltr'><strong>quae</strong></span> <span class='ocrx_word' id='word_1_134' title='bbox 2589 2552 2884 2616; x_wconf 88' lang='lat' dir='ltr'><strong>dicuntur</strong></span> 
     </span>
     <span class='ocr_line' id='line_1_20' title="bbox 813 2665 2881 2748; baseline 0 -20"><span class='ocrx_word' id='word_1_135' title='bbox 813 2667 944 2728; x_wconf 89' lang='lat' dir='ltr'><strong>tam</strong></span> <span class='ocrx_word' id='word_1_136' title='bbox 1004 2666 1171 2728; x_wconf 88' lang='lat' dir='ltr'><strong>arcte</strong></span> <span class='ocrx_word' id='word_1_137' title='bbox 1216 2665 1523 2741; x_wconf 89' lang='lat' dir='ltr'><strong>cohaeret,</strong></span> <span class='ocrx_word' id='word_1_138' title='bbox 1571 2667 1645 2728; x_wconf 90' lang='lat' dir='ltr'><strong>ut</strong></span> <span class='ocrx_word' id='word_1_139' title='bbox 1700 2684 2050 2728; x_wconf 88' lang='lat' dir='ltr'><strong>sermonem</strong></span> <span class='ocrx_word' id='word_1_140' title='bbox 2096 2665 2196 2729; x_wconf 92' lang='lat' dir='ltr'><strong>cui</strong></span> <span class='ocrx_word' id='word_1_141' title='bbox 2245 2665 2422 2728; x_wconf 87' lang='lat' dir='ltr'><strong>sedes</strong></span> <span class='ocrx_word' id='word_1_142' title='bbox 2469 2666 2672 2748; x_wconf 90' lang='lat' dir='ltr'><strong>prima</strong></span> <span class='ocrx_word' id='word_1_143' title='bbox 2713 2665 2881 2729; x_wconf 89' lang='lat' dir='ltr'><strong>intra</strong></span> 
     </span>
     <span class='ocr_line' id='line_1_21' title="bbox 814 2777 2884 2861; baseline 0 -20"><span class='ocrx_word' id='word_1_144' title='bbox 814 2778 987 2841; x_wconf 90' lang='lat' dir='ltr'><strong>urbis</strong></span> <span class='ocrx_word' id='word_1_145' title='bbox 1048 2777 1432 2859; x_wconf 91' lang='lat' dir='ltr'><strong>pomoerium</strong></span> <span class='ocrx_word' id='word_1_146' title='bbox 1494 2779 1644 2856; x_wconf 89' lang='lat' dir='ltr'><strong>erat,</strong></span> <span class='ocrx_word' id='word_1_147' title='bbox 1704 2779 1882 2842; x_wconf 91' lang='lat' dir='ltr'><strong>nullo</strong></span> <span class='ocrx_word' id='word_1_148' title='bbox 1941 2778 2069 2842; x_wconf 86' lang='lat' dir='ltr'><strong>fere</strong></span> <span class='ocrx_word' id='word_1_149' title='bbox 2117 2778 2316 2860; x_wconf 89' lang='lat' dir='ltr'><strong>spatio</strong></span> <span class='ocrx_word' id='word_1_150' title='bbox 2373 2779 2730 2843; x_wconf 89' lang='lat' dir='ltr'><strong>intermisso</strong></span> <span class='ocrx_word' id='word_1_151' title='bbox 2774 2799 2884 2861; x_wconf 89' lang='lat' dir='ltr'><strong>per</strong></span> 
     </span>
     <span class='ocr_line' id='line_1_22' title="bbox 814 2890 2884 2974; baseline 0 -20"><span class='ocrx_word' id='word_1_152' title='bbox 814 2891 935 2954; x_wconf 93' lang='lat' dir='ltr'><strong>duo</strong></span> <span class='ocrx_word' id='word_1_153' title='bbox 982 2890 1159 2954; x_wconf 89' lang='lat' dir='ltr'><strong>milia</strong></span> <span class='ocrx_word' id='word_1_154' title='bbox 1203 2909 1505 2954; x_wconf 89' lang='lat' dir='ltr'><strong>annorum</strong></span> <span class='ocrx_word' id='word_1_155' title='bbox 1551 2891 1839 2974; x_wconf 85' lang='lat' dir='ltr'><strong>persequi</strong></span> <span class='ocrx_word' id='word_1_156' title='bbox 1884 2891 2089 2955; x_wconf 89' lang='lat' dir='ltr'><strong>liceat.</strong></span> <span class='ocrx_word' id='word_1_157' title='bbox 2150 2893 2214 2955; x_wconf 89' lang='lat' dir='ltr'><strong>et</strong></span> <span class='ocrx_word' id='word_1_158' title='bbox 2256 2891 2587 2973; x_wconf 88' lang='lat' dir='ltr'><strong>permultis</strong></span> <span class='ocrx_word' id='word_1_159' title='bbox 2633 2892 2884 2974; x_wconf 83' lang='lat' dir='ltr'><strong>quidem</strong></span> 
     </span>
     <span class='ocr_line' id='line_1_23' title="bbox 816 3002 2882 3088; baseline 0 -21"><span class='ocrx_word' id='word_1_160' title='bbox 816 3002 1055 3084; x_wconf 89' lang='lat' dir='ltr'><strong>copulis</strong></span> <span class='ocrx_word' id='word_1_161' title='bbox 1101 3003 1350 3086; x_wconf 88' lang='lat' dir='ltr'><strong>linguas</strong></span> <span class='ocrx_word' id='word_1_162' title='bbox 1397 3023 1684 3068; x_wconf 89' lang='lat' dir='ltr'><strong>romanas</strong></span> <span class='ocrx_word' id='word_1_163' title='bbox 1730 3024 1875 3067; x_wconf 92' lang='lat' dir='ltr'><strong>cum</strong></span> <span class='ocrx_word' id='word_1_164' title='bbox 1935 3004 2046 3068; x_wconf 94' lang='lat' dir='ltr'><strong>illo</strong></span> <span class='ocrx_word' id='word_1_165' title='bbox 2095 3023 2377 3068; x_wconf 89' lang='lat' dir='ltr'><strong>sermone</strong></span> <span class='ocrx_word' id='word_1_166' title='bbox 2423 3004 2668 3088; x_wconf 89' lang='lat' dir='ltr'><strong>uolgari</strong></span> <span class='ocrx_word' id='word_1_167' title='bbox 2715 3006 2882 3068; x_wconf 90' lang='lat' dir='ltr'><strong>arcte</strong></span> 
     </span>
     <span class='ocr_line' id='line_1_24' title="bbox 818 3116 2883 3202; baseline 0 -22"><span class='ocrx_word' id='word_1_168' title='bbox 818 3136 952 3180; x_wconf 89' lang='lat' dir='ltr'><strong>esse</strong></span> <span class='ocrx_word' id='word_1_169' title='bbox 978 3116 1359 3194; x_wconf 87' lang='lat' dir='ltr'><strong>coniunctas,</strong></span> <span class='ocrx_word' id='word_1_170' title='bbox 1392 3117 1720 3199; x_wconf 86' lang='lat' dir='ltr'><strong>praecipue</strong></span> <span class='ocrx_word' id='word_1_171' title='bbox 1743 3117 2138 3202; x_wconf 87' lang='lat' dir='ltr'><strong>intellegitur</strong></span> <span class='ocrx_word' id='word_1_172' title='bbox 2159 3119 2482 3200; x_wconf 88' lang='lat' dir='ltr'><strong>poetarum</strong></span> <span class='ocrx_word' id='word_1_173' title='bbox 2507 3118 2883 3182; x_wconf 84' lang='lat' dir='ltr'><strong>comicorum</strong></span> 
     </span>
     <span class='ocr_line' id='line_1_25' title="bbox 818 3230 2885 3313; baseline -0 -20"><span class='ocrx_word' id='word_1_174' title='bbox 818 3249 1101 3294; x_wconf 87' lang='lat' dir='ltr'><strong>sermone</strong></span> <span class='ocrx_word' id='word_1_175' title='bbox 1160 3230 1362 3293; x_wconf 88' lang='lat' dir='ltr'><strong>acrius</strong></span> <span class='ocrx_word' id='word_1_176' title='bbox 1431 3230 1838 3308; x_wconf 82' lang='lat' dir='ltr'><strong>considerate,</strong></span> <span class='ocrx_word' id='word_1_177' title='bbox 1902 3231 2012 3313; x_wconf 88' lang='lat' dir='ltr'><strong>qui</strong></span> <span class='ocrx_word' id='word_1_178' title='bbox 2069 3250 2217 3294; x_wconf 84' lang='lat' dir='ltr'><strong>sane</strong></span> <span class='ocrx_word' id='word_1_179' title='bbox 2277 3230 2467 3296; x_wconf 85' lang='lat' dir='ltr'><strong>habet</strong></span> <span class='ocrx_word' id='word_1_180' title='bbox 2510 3231 2593 3311; x_wconf 36' lang='lat' dir='ltr'><strong>,in</strong></span> <span class='ocrx_word' id='word_1_181' title='bbox 2661 3231 2885 3313; x_wconf 87' lang='lat' dir='ltr'><strong>quibus</strong></span> 
     </span>
     <span class='ocr_line' id='line_1_26' title="bbox 818 3335 2886 3428; baseline 0 -22"><span class='ocrx_word' id='word_1_182' title='bbox 818 3343 1003 3427; x_wconf 88' lang='lat' dir='ltr'><strong>longe</strong></span> <span class='ocrx_word' id='word_1_183' title='bbox 1066 3342 1260 3407; x_wconf 88' lang='lat' dir='ltr'><strong>distet</strong></span> <span class='ocrx_word' id='word_1_184' title='bbox 1318 3362 1356 3406; x_wconf 91' lang='lat' dir='ltr'><strong>a</strong></span> <span class='ocrx_word' id='word_1_185' title='bbox 1417 3335 1697 3408; x_wconf 84' lang='lat' dir='ltr'><strong>sermone</strong></span> <span class='ocrx_word' id='word_1_186' title='bbox 1765 3343 2152 3428; x_wconf 85' lang='lat' dir='ltr'><strong>pereleganti</strong></span> <span class='ocrx_word' id='word_1_187' title='bbox 2220 3343 2422 3425; x_wconf 90' lang='lat' dir='ltr'><strong>qualis</strong></span> <span class='ocrx_word' id='word_1_188' title='bbox 2492 3363 2528 3406; x_wconf 88' lang='lat' dir='ltr'><strong>a</strong></span> <span class='ocrx_word' id='word_1_189' title='bbox 2593 3343 2886 3408; x_wconf 84' lang='lat' dir='ltr'><strong>Cicerone</strong></span> 
     </span>
     <span class='ocr_line' id='line_1_27' title="bbox 817 3457 1309 3538; baseline -0.002 -18"><span class='ocrx_word' id='word_1_190' title='bbox 817 3457 1174 3538; x_wconf 89' lang='lat' dir='ltr'><strong>usurpatur.</strong></span> <span class='ocrx_word' id='word_1_191' title='bbox 1223 3495 1309 3502; x_wconf 84' lang='lat'><strong>——</strong></span> 
     </span>
    </p>

    <p class='ocr_par' dir='ltr' id='par_1_8' title="bbox 818 3569 2964 4218">
     <span class='ocr_line' id='line_1_28' title="bbox 1026 3569 2887 3654; baseline 0.001 -21"><span class='ocrx_word' id='word_1_192' title='bbox 1026 3588 1227 3633; x_wconf 86' lang='lat' dir='ltr'><strong>sermo</strong></span> <span class='ocrx_word' id='word_1_193' title='bbox 1282 3569 1563 3651; x_wconf 91' lang='lat' dir='ltr'><strong>plebeius</strong></span> <span class='ocrx_word' id='word_1_194' title='bbox 1625 3589 1749 3633; x_wconf 90' lang='lat' dir='ltr'><strong>non</strong></span> <span class='ocrx_word' id='word_1_195' title='bbox 1796 3569 1976 3634; x_wconf 88' lang='lat' dir='ltr'><strong>modo</strong></span> <span class='ocrx_word' id='word_1_196' title='bbox 2024 3570 2188 3653; x_wconf 88' lang='lat' dir='ltr'><strong>quod</strong></span> <span class='ocrx_word' id='word_1_197' title='bbox 2233 3570 2474 3634; x_wconf 87' lang='lat' dir='ltr'><strong>adtinet</strong></span> <span class='ocrx_word' id='word_1_198' title='bbox 2515 3570 2593 3634; x_wconf 87' lang='lat' dir='ltr'><strong>ad</strong></span> <span class='ocrx_word' id='word_1_199' title='bbox 2638 3571 2887 3654; x_wconf 84' lang='lat' dir='ltr'><strong>linguas</strong></span> 
     </span>
     <span class='ocr_line' id='line_1_29' title="bbox 818 3683 2888 3766; baseline 0 -20"><span class='ocrx_word' id='word_1_200' title='bbox 818 3702 1105 3747; x_wconf 88' lang='lat' dir='ltr'><strong>romanas</strong></span> <span class='ocrx_word' id='word_1_201' title='bbox 1152 3683 1367 3766; x_wconf 89' lang='lat' dir='ltr'><strong>magni</strong></span> <span class='ocrx_word' id='word_1_202' title='bbox 1412 3686 1511 3747; x_wconf 92' lang='lat' dir='ltr'><strong>est</strong></span> <span class='ocrx_word' id='word_1_203' title='bbox 1569 3684 1875 3747; x_wconf 86' lang='lat' dir='ltr'><strong>momenti</strong></span> <span class='ocrx_word' id='word_1_204' title='bbox 1933 3685 1996 3748; x_wconf 92' lang='lat' dir='ltr'><strong>et</strong></span> <span class='ocrx_word' id='word_1_205' title='bbox 2054 3685 2376 3765; x_wconf 88' lang='lat' dir='ltr'><strong>praeterea</strong></span> <span class='ocrx_word' id='word_1_206' title='bbox 2421 3683 2588 3766; x_wconf 90' lang='lat' dir='ltr'><strong>quod</strong></span> <span class='ocrx_word' id='word_1_207' title='bbox 2633 3703 2704 3747; x_wconf 81' lang='lat' dir='ltr'><strong>ex</strong></span> <span class='ocrx_word' id='word_1_208' title='bbox 2753 3683 2888 3746; x_wconf 89' lang='lat' dir='ltr'><strong>eius</strong></span> 
     </span>
     <span class='ocr_line' id='line_1_30' title="bbox 820 3796 2891 3880; baseline 0 -20"><span class='ocrx_word' id='word_1_209' title='bbox 820 3796 1171 3880; x_wconf 87' lang='lat' dir='ltr'><strong>cognitione</strong></span> <span class='ocrx_word' id='word_1_210' title='bbox 1232 3798 1473 3861; x_wconf 91' lang='lat' dir='ltr'><strong>iustum</strong></span> <span class='ocrx_word' id='word_1_211' title='bbox 1545 3796 1849 3860; x_wconf 90' lang='lat' dir='ltr'><strong>iudicium</strong></span> <span class='ocrx_word' id='word_1_212' title='bbox 1925 3796 2002 3861; x_wconf 88' lang='lat' dir='ltr'><strong>ad</strong></span> <span class='ocrx_word' id='word_1_213' title='bbox 2075 3796 2399 3880; x_wconf 90' lang='lat' dir='ltr'><strong>ingenium</strong></span> <span class='ocrx_word' id='word_1_214' title='bbox 2491 3796 2891 3878; x_wconf 83' lang='lat' dir='ltr'><strong>rationesque</strong></span> 
     </span>
     <span class='ocr_line' id='line_1_31' title="bbox 821 3908 2890 3991; baseline 0 -19"><span class='ocrx_word' id='word_1_215' title='bbox 821 3909 1013 3973; x_wconf 91' lang='lat' dir='ltr'><strong>totius</strong></span> <span class='ocrx_word' id='word_1_216' title='bbox 1086 3909 1421 3974; x_wconf 86' lang='lat' dir='ltr'><strong>latinitatis</strong></span> <span class='ocrx_word' id='word_1_217' title='bbox 1493 3909 1727 3973; x_wconf 86' lang='lat' dir='ltr'><strong>rectius</strong></span> <span class='ocrx_word' id='word_1_218' title='bbox 1802 3908 2256 3990; x_wconf 89' lang='lat' dir='ltr'><strong>percensendas</strong></span> <span class='ocrx_word' id='word_1_219' title='bbox 2315 3909 2712 3991; x_wconf 78' lang='lat' dir='ltr'><strong>percipimUS‚</strong></span> <span class='ocrx_word' id='word_1_220' title='bbox 2771 3928 2890 3990; x_wconf 90' lang='lat' dir='ltr'><strong>quo</strong></span> 
     </span>
     <span class='ocr_line' id='line_1_32' title="bbox 819 4021 2892 4107; baseline 0.001 -23"><span class='ocrx_word' id='word_1_221' title='bbox 819 4021 989 4086; x_wconf 87' lang='lat' dir='ltr'><strong>haud</strong></span> <span class='ocrx_word' id='word_1_222' title='bbox 1046 4041 1281 4104; x_wconf 89' lang='lat' dir='ltr'><strong>paucae</strong></span> <span class='ocrx_word' id='word_1_223' title='bbox 1344 4023 1419 4086; x_wconf 87' lang='lat' dir='ltr'><strong>ad</strong></span> <span class='ocrx_word' id='word_1_224' title='bbox 1480 4024 1678 4087; x_wconf 87' lang='lat' dir='ltr'><strong>artem</strong></span> <span class='ocrx_word' id='word_1_225' title='bbox 1739 4023 2212 4107; x_wconf 86' lang='lat' dir='ltr'><strong>grammaticam</strong></span> <span class='ocrx_word' id='word_1_226' title='bbox 2271 4021 2656 4105; x_wconf 88' lang='lat' dir='ltr'><strong>pertinentes</strong></span> <span class='ocrx_word' id='word_1_227' title='bbox 2704 4041 2892 4105; x_wconf 86' lang='lat' dir='ltr'><strong>quae-</strong></span> 
     </span>
     <span class='ocr_line' id='line_1_33' title="bbox 822 4122 2964 4218; baseline -0 -21"><span class='ocrx_word' id='word_1_228' title='bbox 822 4133 1056 4198; x_wconf 86' lang='lat' dir='ltr'><strong>stiones</strong></span> <span class='ocrx_word' id='word_1_229' title='bbox 1101 4137 1269 4200; x_wconf 87' lang='lat' dir='ltr'><strong>recte</strong></span> <span class='ocrx_word' id='word_1_230' title='bbox 1301 4135 1754 4212; x_wconf 85' lang='lat' dir='ltr'><strong>dissoluuntur,</strong></span> <span class='ocrx_word' id='word_1_231' title='bbox 1790 4135 1899 4199; x_wconf 87' lang='lat' dir='ltr'><strong>sed</strong></span> <span class='ocrx_word' id='word_1_232' title='bbox 1931 4135 2119 4199; x_wconf 87' lang='lat' dir='ltr'><strong>ctiam</strong></span> <span class='ocrx_word' id='word_1_233' title='bbox 2153 4135 2315 4216; x_wconf 88' lang='lat' dir='ltr'><strong>quod</strong></span> <span class='ocrx_word' id='word_1_234' title='bbox 2346 4154 2416 4198; x_wconf 90' lang='lat' dir='ltr'><strong>eo</strong></span> <span class='ocrx_word' id='word_1_235' title='bbox 2450 4134 2696 4218; x_wconf 90' lang='lat' dir='ltr'><strong>cognito</strong></span> <span class='ocrx_word' id='word_1_236' title='bbox 2730 4122 2893 4200; x_wconf 87' lang='lat' dir='ltr'><strong>anti·</strong></span> <span class='ocrx_word' id='word_1_237' title='bbox 2955 4181 2964 4188; x_wconf 83' lang='lat'>.</span> 
     </span>
    </p>
   </div>
   <div class='ocr_carea' id='block_1_7' title="bbox 824 4259 1045 4266">
    <p class='ocr_par' dir='ltr' id='par_1_9' title="bbox 824 4259 1045 4266">
     <span class='ocr_line' id='line_1_34' title="bbox 824 4259 1045 4266; baseline 0 1051"><span class='ocrx_word' id='word_1_238' title='bbox 824 4259 1045 4266; x_wconf 95' lang='lat' dir='ltr'><strong> </strong></span> 
     </span>
    </p>
   </div>
   <div class='ocr_carea' id='block_1_8' title="bbox 1053 4260 1237 4267">
    <p class='ocr_par' dir='ltr' id='par_1_10' title="bbox 1053 4260 1237 4267">
     <span class='ocr_line' id='line_1_35' title="bbox 1053 4260 1237 4267; baseline 0 1050"><span class='ocrx_word' id='word_1_239' title='bbox 1053 4260 1237 4267; x_wconf 95' lang='lat' dir='ltr'><strong> </strong></span> 
     </span>
    </p>
   </div>
   <div class='ocr_carea' id='block_1_9' title="bbox 964 4291 2892 4446">
    <p class='ocr_par' dir='ltr' id='par_1_11' title="bbox 964 4291 2892 4446">
     <span class='ocr_line' id='line_1_36' title="bbox 968 4291 2825 4358; baseline 0.001 -15"><span class='ocrx_word' id='word_1_240' title='bbox 968 4293 1003 4356; x_wconf 84' lang='grc' dir='ltr'><strong>Ι)</strong></span> <span class='ocrx_word' id='word_1_241' title='bbox 1044 4292 1108 4343; x_wconf 90' lang='grc' dir='ltr'><strong>Ε.</strong></span> <span class='ocrx_word' id='word_1_242' title='bbox 1147 4291 1319 4344; x_wconf 88' lang='lat' dir='ltr'><strong>Plew:</strong></span> <span class='ocrx_word' id='word_1_243' title='bbox 1360 4291 1425 4344; x_wconf 92' lang='lat' dir='ltr'><strong>de</strong></span> <span class='ocrx_word' id='word_1_244' title='bbox 1464 4291 1785 4344; x_wconf 86' lang='lat' dir='ltr'><strong>diuersitate</strong></span> <span class='ocrx_word' id='word_1_245' title='bbox 1836 4295 2116 4344; x_wconf 88' lang='lat' dir='ltr'><strong>auctorum</strong></span> <span class='ocrx_word' id='word_1_246' title='bbox 2151 4291 2204 4344; x_wconf 88' lang='lat' dir='ltr'><strong>h.</strong></span> <span class='ocrx_word' id='word_1_247' title='bbox 2244 4306 2291 4344; x_wconf 86' lang='lat' dir='ltr'><strong>a.</strong></span> <span class='ocrx_word' id='word_1_248' title='bbox 2329 4291 2634 4358; x_wconf 86' lang='lat' dir='ltr'><strong>Regimonti</strong></span> <span class='ocrx_word' id='word_1_249' title='bbox 2675 4293 2825 4344; x_wconf 85' lang='grc'><strong>1869.</strong></span> 
     </span>
     <span class='ocr_line' id='line_1_37' title="bbox 964 4377 2892 4446; baseline 0.001 -16"><span class='ocrx_word' id='word_1_250' title='bbox 964 4379 1004 4446; x_wconf 84' lang='lat'><strong>²)</strong></span> <span class='ocrx_word' id='word_1_251' title='bbox 1041 4378 1105 4430; x_wconf 88' lang='grc' dir='ltr'><strong>Ε.</strong></span> <span class='ocrx_word' id='word_1_252' title='bbox 1121 4378 1355 4431; x_wconf 84' lang='lat' dir='ltr'><strong>Brocks:</strong></span> <span class='ocrx_word' id='word_1_253' title='bbox 1378 4378 1445 4431; x_wconf 90' lang='lat' dir='ltr'><strong>de</strong></span> <span class='ocrx_word' id='word_1_254' title='bbox 1462 4378 1583 4431; x_wconf 87' lang='lat'>1111.</span> <span class='ocrx_word' id='word_1_255' title='bbox 1598 4377 1871 4446; x_wconf 87' lang='lat' dir='ltr'><strong>prioribus</strong></span> <span class='ocrx_word' id='word_1_256' title='bbox 1890 4378 1941 4431; x_wconf 90' lang='lat' dir='ltr'><strong>h.</strong></span> <span class='ocrx_word' id='word_1_257' title='bbox 1966 4393 2013 4432; x_wconf 91' lang='lat' dir='ltr'><strong>a.</strong></span> <span class='ocrx_word' id='word_1_258' title='bbox 2036 4377 2405 4446; x_wconf 68' lang='lat' dir='ltr'><strong>scriptoribus</strong></span> <span class='ocrx_word' id='word_1_259' title='bbox 2420 4378 2726 4446; x_wconf 85' lang='lat' dir='ltr'><strong>Regimonti</strong></span> <span class='ocrx_word' id='word_1_260' title='bbox 2743 4379 2892 4434; x_wconf 81' lang='lat'><strong>1869.</strong></span> 
     </span>
    </p>
   </div>
   <div class='ocr_carea' id='block_1_10' title="bbox 3343 745 3354 1894">
    <p class='ocr_par' dir='ltr' id='par_1_12' title="bbox 3343 745 3354 1894">
     <span class='ocr_line' id='line_1_38' title="bbox 3343 745 3354 1894; baseline 0 0"><span class='ocrx_word' id='word_1_261' title='bbox 3343 745 3354 1894; x_wconf 95' lang='lat' dir='ltr'><strong> </strong></span> 
     </span>
    </p>
   </div>
   <div class='ocr_carea' id='block_1_11' title="bbox 3341 2799 3356 4260">
    <p class='ocr_par' dir='ltr' id='par_1_13' title="bbox 3341 2799 3356 4260">
     <span class='ocr_line' id='line_1_39' title="bbox 3341 2799 3356 4260; baseline 0 0"><span class='ocrx_word' id='word_1_262' title='bbox 3341 2799 3356 4260; x_wconf 95' lang='lat' dir='ltr'><strong> </strong></span> 
     </span>
    </p>
   </div>
   <div class='ocr_carea' id='block_1_12' title="bbox 3345 4785 3352 5294">
    <p class='ocr_par' dir='ltr' id='par_1_14' title="bbox 3345 4785 3352 5294">
     <span class='ocr_line' id='line_1_40' title="bbox 3345 4785 3352 5294; baseline 0 0"><span class='ocrx_word' id='word_1_263' title='bbox 3345 4785 3352 5294; x_wconf 95' lang='lat' dir='ltr'><strong> </strong></span> 
     </span>
    </p>
   </div>
  </div>
 </body>
</html>
