3400 5317
1280 698 1718 761 ....35.-.

561 972 566 976 .
672 888 757 953 Η.
789 909 857 971 p.
903 886 1215 954 367-8.
1248 888 1435 954 Gord.
1483 891 1600 965 31,
1649 890 1718 953 5:
1768 890 2013 952 amatus
2046 888 2143 951 est
2175 907 2228 951 a.
2262 887 2541 969 Philippi

451 999 797 1064 factionem
835 1003 908 1064 ut
953 1021 1133 1065 nemo
1164 1001 1553 1098 principum3
1595 1038 1672 1047 -—
1709 1004 1767 1079 6,
1814 1003 1889 1065 4:
1923 1002 2171 1065 tantum
2220 1000 2442 1063 dilexit
2471 1001 2543 1063 ut

455 1132 788 1197 nunquam
811 1112 923 1177 illo
962 1116 1288 1196 praesente
1340 1113 1573 1178 sederit
1603 1134 1654 1177 a.
1687 1114 2077 1195 praeturam:
2123 1113 2267 1176 Ver.
2310 1114 2368 1189 3,
2395 1114 2536 1175 5.—

666 1226 749 1289 H.
809 1245 876 1307 p.
936 1224 1125 1290 369.
1170 1226 1324 1289 Pius
1372 1228 1430 1304 6,
1481 1226 1611 1290 10:
1659 1226 1944 1290 Annium
1992 1226 2226 1289 Verum
2274 1243 2326 1287 a.
2377 1225 2542 1287 tem-

451 1357 579 1419 pus
612 1339 1000 1420 quaestorem
1031 1338 1419 1423 designauit;
1458 1377 1536 1384 —-
1571 1339 1646 1403 cf.
1679 1340 1817 1403 Ter.
1850 1339 2001 1401 Hec.
2036 1357 2128 1420 pr.
2165 1337 2273 1400 alt.
2306 1339 2343 1399 2
2369 1338 2425 1400 7.
2446 1356 2535 1418 sq.

669 1452 757 1517 Η.
819 1450 1126 1516 375--6.
1189 1452 1353 1517 Max.
1414 1454 1530 1513 24.
1608 1454 1679 1515 2:
1740 1450 1977 1532 recepti
2061 1450 2210 1513 sunt
2286 1448 2395 1527 ita,
2472 1450 2545 1512 ut

449 1582 510 1626 a.
563 1564 868 1647 imagines
914 1564 1178 1627 Maximi
1211 1565 1274 1627 ct
1302 1564 1558 1628 Balbini
1605 1565 1668 1626 et
1714 1562 2013 1628 Gordiani
2052 1562 2407 1638 adorarent:
2460 1598 2538 1607 -—-

450 1676 601 1739 Ver.
662 1679 722 1754 4,
772 1678 829 1741 l:
873 1696 1016 1741 cum
1063 1697 1116 1741 a.
1151 1675 1528 1741 Commodus
1570 1677 1927 1750 uocaretur:
1992 1710 2056 1719 —-
2107 1675 2185 1738 cf.
2236 1674 2423 1739 Gord.
2474 1675 2535 1753 9,

453 1789 486 1850 1
518 1810 533 1851 :
583 1788 874 1870 plurimis
918 1789 1260 1872 prouinciis
1293 1810 1345 1853 a.
1379 1789 1753 1871 praefuerat.
1806 1825 1865 1833 —-
1904 1786 2031 1852 alia
2060 1786 2345 1869 exempla
2385 1786 2533 1850 uide

458 1900 534 1963 in
579 1900 813 1965 lexicis,
880 1938 952 1947 —·

669 2013 758 2079 Η.
782 2034 849 2097 p.
875 2012 916 2078 3
933 2014 976 2078 8
995 2014 1186 2081 6--7.
1209 2016 1373 2079 Max.
1402 2016 1433 2077 1
1459 2016 1518 2092 Ο,
1545 2016 1619 2078 3:
1644 2013 1864 2078 uolens
1890 2033 1943 2077 a.
1963 2032 2177 2077 omnes
2197 2012 2541 2077 Alexandri

457 2126 727 2209 gloriam
771 2127 1056 2202 uincere:
1108 2166 1185 2174 —
1235 2128 1313 2192 cf.
1356 2128 1561 2192 Plaut.
1595 2127 1773 2191 Asin.
1824 2128 1881 2204 5,
1930 2129 1989 2204 2,
2039 2128 2113 2189 8:
2162 2125 2317 2189 scito
2350 2126 2539 2189 illum

454 2258 514 2302 a.
564 2257 618 2302 o.
667 2238 926 2302 maximi
973 2240 1302 2304 mortalem
1334 2240 1530 2323 preti:
1584 2276 1658 2283 —
1710 2238 1932 2303 Liuius
1980 2240 2038 2315 3,
2090 2239 2205 2315 58,
2259 2241 2329 2301 1:
2380 2258 2432 2301 a.
2483 2258 2535 2301 o.
2660 2309 2664 2313 ,

447 2350 668 2415 fratris
713 2350 878 2415 filiae
927 2352 1273 2434 superbiae.
1313 2352 1600 2417 infestus.
1647 2390 1736 2399 —-
1779 2353 1965 2435 Verg.
2014 2351 2171 2414 Aen.
2221 2353 2279 2427 5,
2344 2352 2436 2413 31
2464 2352 2537 2426 8:

451 2464 517 2539 2,
568 2466 694 2528 40:
743 2466 984 2546 primus
1030 2466 1120 2529 ibi
1167 2486 1218 2530 a.
1269 2486 1322 2530 o.
1368 2467 1652 2531 Laocoon
1698 2464 1975 2551 decurrit
2018 2464 2095 2527 ab
2129 2482 2298 2539 arce:
2351 2500 2425 2509 —-
2464 2464 2540 2527 ad

453 2596 616 2658 quae
644 2578 835 2641 uerba
858 2577 1144 2670 Seruius:
1187 2580 1365 2655 „ante
1393 2586 1642 2643 omnes“
1683 2578 1724 2641 i.
1754 2598 1805 2642 e.
1832 2577 2199 2641 uidentibus
2226 2576 2537 2640 omnibus.

451 2688 540 2752 cf.
589 2689 810 2753 deinde
856 2690 1064 2753 Valer.
1111 2692 1275 2754 Max.
1327 2693 1383 2770 7,
1433 2694 1491 2769 3,
1541 2693 1614 2755 2:
1663 2692 1770 2774 qui
1817 2710 1870 2754 a.
1920 2710 1974 2755 o.
2024 2689 2212 2753 matri
2246 2688 2534 2752 osculum

452 2802 755 2865 dedisset.
804 2804 928 2867 huc
958 2804 1235 2885 pertinet
1265 2804 1521 2867 Pescen.
1570 2805 1601 2866 1
1629 2806 1684 2880 1,
1736 2805 1802 2867 1:
1849 2804 2016 2866 idem
2048 2802 2114 2864 in
2146 2801 2317 2865 omni
2350 2820 2534 2883 expe-

453 2913 696 2978 ditione
746 2935 799 2979 a.
847 2934 900 2981 o.
950 2916 1295 2980 militarem
1341 2917 1554 2980 cibum
1600 2917 1886 2999 sumpsit.
1953 2954 2031 2961 -—

670 3028 752 3093 fl.
800 3028 862 3093 Ι.
910 3048 980 3112 p.
1025 3028 1213 3095 394.
1258 3030 1402 3093 Did.
1449 3029 1580 3095 Jul.
1631 3031 1689 3105 1,
1746 3031 1815 3092 4:
1864 3030 2153 3110 quaestor
2198 3046 2252 3090 a.
2302 3045 2537 3089 annum

456 3157 652 3221 quam
698 3139 988 3224 legitima
1032 3143 1202 3205 aetas
1252 3142 1516 3218 sinebat,
1579 3141 1943 3224 designatus
1991 3142 2118 3215 est:
2170 3174 2247 3185 —-
2296 3138 2533 3203 Pertin.

456 3254 491 3314 1
519 3254 581 3329 4,
615 3254 686 3315 3:
721 3252 942 3317 stellae
975 3255 1149 3317 uisae
1183 3257 1332 3318 sunt
1361 3273 1470 3335 per
1501 3253 1668 3317 diem
1694 3273 1746 3317 a.
1775 3252 1942 3315 diem
1967 3271 2157 3333 quam
2188 3251 2416 3327 abiret3
2456 3287 2533 3297 ——

453 3362 540 3427 cf.
590 3365 668 3427 H.
718 3366 835 3429 sub
883 3385 1034 3429 uoce
1091 3366 1360 3447 „pridie“
1415 3368 1460 3431 t.
1510 3366 1660 3459 ΙῌΙ.
1707 3385 1766 3447 p.
1817 3366 1961 3428 555.
2023 3402 2110 3410 --

1123 3600 1382 3679 Citer
1436 3638 1535 3642 ——
1597 3598 1883 3681 Citra.

670 3730 866 3814 Trig.
898 3732 943 3794 t.
1008 3732 1124 3808 21,
1189 3734 1261 3795 5:
1323 3733 1466 3814 post
1526 3750 1714 3813 quem
1775 3730 1932 3793 citer
1991 3728 2351 3793 consultum
2415 3726 2535 3811 (sic

456 3840 702 3917 B'PM;
727 3843 837 3907 B2:
863 3843 1110 3906 circiter
1127 3868 1139 3918 ;
1168 3845 1382 3928 uolgo:
1409 3843 1626 3923 ceteri)
1645 3844 1920 3905 statuam
1937 3841 2101 3904 inter
2117 3839 2531 3922 triumphales

457 3954 529 4016 et
575 3973 792 4017 currus
839 3955 1240 4039 quadriiugos
1288 3956 1502 4019 Pisoni
1549 3955 1977 4019 decreuerunt.
1999 3954 2080 4035 3ο)
2147 3991 2228 3999 -

457 4126 536 4179 ab
596 4128 915 4194 optimorum
978 4130 1299 4197 scriptorum
1356 4144 1459 4181 usu
1519 4127 1813 4193 recedenti,
1869 4131 2113 4179 ceterum·
2166 4125 2328 4178 aliter
2384 4125 2537 4177 locus

457 4220 729 4289 explicari
767 4229 946 4289 potest
985 4229 1146 4290 atque
1185 4240 1217 4277 a
1255 4224 1522 4277 Salmasio
1563 4224 1952 4289 interpretatus
1992 4227 2091 4273 est.
2132 4252 2194 4258 —

669 4318 733 4382 3⁰)
775 4317 1003 4371 Salmas,
1043 4313 1110 4369 ΙΙ.
1149 4322 1299 4371 310:
1341 4298 1558 4385 „citer‘f
1589 4318 1676 4369 hic
1712 4318 1949 4383 positum
1987 4332 2087 4383 pro
2127 4317 2337 4381 „citra“
2378 4316 2536 4383 (citra

455 4412 547 4465 ed.
585 4412 759 4482 Jord.)
798 4419 856 4467 ut
893 4414 1110 4480 ‚,inter“
1149 4430 1248 4482 pro
1289 4415 1522 4484 „intra‚“
1574 4414 1811 4479 „super“
1852 4427 1952 4479 pro
1992 4412 2245 4478 „supra.“
2310 4441 2349 4447 -·
2387 4409 2535 4463 haud
