3400 5317
1588 649 2024 712 ...76—

966 833 1055 898 11.
1086 853 1153 918 p.
1187 834 1356 927 141,
1404 836 1473 902 6.
1512 837 1667 903 Pius
1714 839 1774 914 2,
1825 841 1896 902 1:
1943 840 2156 904 omnia
2199 841 2356 904 haec
2401 861 2454 905 c.
2502 861 2840 919 mensura:

762 982 844 991 -
880 947 1034 1011 Pius
1092 950 1121 1010 1
1144 950 1205 1026 3,
1250 949 1333 1011 2:
1388 968 1541 1014 uoce
1594 968 1784 1014 rauca
1821 953 1887 1014 et
1923 970 2144 1016 sonora
2197 972 2250 1016 c.
2305 953 2699 1018 ioconditate.
2753 993 2845 1004 ——
2943 955 2955 964 '

971 1077 1055 1144 Η.
1122 1098 1188 1162 p.
1260 1077 1439 1160 142,
1506 1055 1575 1146 7.
1668 1080 1832 1144 Max.
1902 1083 2014 1156 12,
2075 1083 2148 1144 2:
2214 1082 2336 1146 nisi
2397 1102 2448 1146 c.
2509 1103 2620 1148 suo
2678 1104 2840 1166 equo

763 1188 1199 1254 inhaerentem
1244 1191 1481 1256 milites
1527 1191 2040 1276 liberassent.¹⁰²)
2075 1231 2158 1240 -

966 1322 1053 1387 11.
1122 1340 1189 1405 p.
1258 1320 1436 1402 143,
1505 1323 1570 1387 2.
1628 1323 1799 1407 Trig.
1863 1325 1908 1387 t.
1995 1326 2110 1395 23,
2181 1327 2255 1390 5:
2323 1326 2714 1392 discumbere
2783 1349 2838 1393 c.

761 1435 963 1519 sagis:
1011 1471 1093 1482 --
1124 1435 1227 1498 Al.
1274 1434 1415 1500 Seu.
1463 1437 1581 1509 37,
1634 1438 1760 1500 12:
1807 1436 2036 1521 frigida
2083 1457 2328 1520 semper
2369 1459 2530 1522 pura
2575 1460 2728 1504 usus
2778 1461 2834 1504 c.

762 1547 911 1612 uino
956 1567 1095 1612 rosa
1139 1547 1421 1622 condito:
1468 1567 1611 1630 pro:
1672 1548 1824 1613 uino
1869 1569 2016 1613 cum
2075 1567 2215 1614 rosa
2259 1551 2540 1626 condito:
2593 1589 2668 1598 —-
2717 1556 2842 1630 60,

762 1662 834 1723 3:
896 1659 1039 1724 alba
1104 1660 1300 1724 uestis
1368 1680 1421 1724 c.
1492 1680 1619 1742 qua
1684 1662 2084 1737 constiterat:
2161 1699 2232 1709 —
2281 1663 2531 1748 Heliog.
2581 1666 2696 1743 24,
2761 1667 2842 1730 5:

763 1774 1067 1856 parasitos
1135 1794 1185 1839 c.
1248 1774 1561 1858 uertigine
1631 1775 1747 1840 sub
1808 1795 2002 1858 aquas
2059 1776 2386 1852 mittebat:
2447 1815 2532 1824 -—
2595 1780 2710 1855 26,
2763 1781 2840 1843 3:

764 1905 815 1948 c.
866 1905 940 1949 ea
984 1887 1161 1950 ueste
1208 1906 1259 1952 c.
1308 1907 1433 1968 qua
1478 1888 1712 1952 Fabius
1745 1890 1810 1952 et
1840 1888 2164 1954 Cornelius
2208 1889 2496 1972 producti
2541 1892 2722 1966 sunt:
2757 1929 2843 1938 ——

766 1997 1003 2063 Comm.
1058 2000 1088 2060 1
1112 2001 1171 2074 3,
1218 1999 1293 2062 4:
1340 2018 1487 2063 cum
1534 2000 1832 2064 muliebri
1877 2005 2056 2066 ueste
2100 2039 2188 2048 ——-
2231 2003 2596 2084 saepissime
2642 2003 2840 2080 bibit:

774 2147 842 2155 -—
895 2109 996 2173 Al.
1046 2109 1187 2175 Seu.
1236 2114 1355 2188 23,
1402 2113 1475 2176 3:
1524 2132 1738 2177 seruos
1784 2133 1834 2177 c.
1885 2113 2104 2178 seruili
2151 2117 2328 2178 ueste
2358 2114 2602 2190 habuit,
2647 2115 2840 2180 liber-

764 2224 863 2286 tos
918 2243 1065 2287 cum
1109 2224 1561 2307 ingenuorum:
1623 2263 1708 2272 —--
1770 2226 1936 2291 Gall.
2003 2229 2062 2302 8,
2125 2228 2200 2290 3:
2247 2228 2451 2290 ornati
2497 2246 2550 2292 c.
2599 2229 2841 2293 auratis

766 2335 1085 2410 uestibus:
1136 2373 1211 2384 —-
1260 2335 1340 2400 cf.
1390 2335 1542 2400 Cato
1588 2337 1647 2400 d.
1694 2357 1743 2401 r.
1793 2358 1840 2400 r.
1893 2340 2004 2415 10,
2039 2341 2114 2402 2:
2159 2339 2310 2423 iuga
2354 2359 2404 2404 c.
2438 2339 2588 2404 loris
2632 2358 2719 2415 o.;
2753 2377 2844 2386 --—

766 2447 1017 2512 Saturn.
1079 2451 1138 2524 9,
1200 2451 1271 2512 3:
1328 2468 1381 2512 c.
1438 2449 1695 2530 cyclade
1742 2451 1954 2514 uxoria
2014 2452 2284 2516 amictus
2345 2453 2474 2528 est:
2523 2489 2606 2498 —-
2651 2453 2762 2516 BP
2783 2454 2840 2516 ¹:

764 2559 1097 2634 conclude:
1145 2579 1291 2624 cum
1324 2561 1461 2624 add.
1496 2561 1610 2636 P³3
1658 2580 1806 2625 cum
1837 2561 2168 2645 chlamyde
2199 2563 2302 2638 M;
2355 2601 2433 2610 —
2468 2563 2676 2629 Seuer.
2715 2568 2748 2627 1
2775 2568 2838 2642 9,

766 2675 841 2736 7:
889 2692 941 2735 c.
989 2671 1317 2754 chlamyde
1364 2693 1611 2738 umeros
1643 2675 1877 2738 uelare.
1927 2676 2176 2738 contra:
2222 2676 2390 2760 Trig.
2445 2678 2491 2740 t.
2541 2678 2654 2752 31,
2721 2679 2840 2753 12,

765 2804 1043 2867 purpura
1085 2805 1183 2858 u.;
1236 2821 1312 2829 —
1363 2785 1527 2850 Gall.
1578 2788 1637 2862 8,
1684 2789 1760 2849 5:
1819 2806 1870 2850 c.
1917 2787 2086 2868 picta
2128 2790 2278 2871 toga
2323 2825 2406 2834 -—-
2452 2787 2840 2870 Capitolium

765 2898 963 2981 petit:
1012 2935 1097 2946 —-
1140 2898 1333 2962 Macr.
1384 2901 1443 2974 6,
1492 2901 1567 2962 2;
1615 2899 1853 2963 reuecti
1899 2919 1952 2962 c.
2001 2899 2342 2981 triumpho.
2399 2938 2486 2946 -—-

977 3029 1057 3093 Η.
1118 3047 1185 3111 p.
1243 3027 1422 3110 145,
1505 3026 1569 3093 3.
1658 3029 1904 3112 Heliog.
1963 3030 2077 3105 23,
2164 3030 2235 3091 7:
2297 3029 2576 3092 marinae
2639 3048 2841 3110 aquae

767 3139 1083 3222 colymbos
1158 3140 1441 3204 exhibuit
1509 3141 1576 3203 in
1633 3141 2106 3204 mediterraneis
2171 3141 2326 3205 locis
2387 3141 2654 3205 maxime
2702 3160 2842 3205 eos-

768 3252 1035 3334 demque
1082 3252 1352 3338 singulis
1398 3252 1617 3317 amicis
1649 3254 2018 3317 natantibus
2050 3253 2290 3317 dimisit
2322 3257 2386 3317 et
2429 3255 2660 3318 iterum
2691 3273 2843 3317 cum

1056 3437 1181 3444 ——-

980 3486 1066 3551 ¹⁰²)
1106 3486 1214 3538 nisi
1260 3503 1361 3538 um
1411 3502 1531 3539 suo
1570 3501 1615 3539 e.
1652 3487 1688 3540 i.
1727 3487 1770 3539 P
1811 3492 1958 3540 testt.
1997 3487 2117 3540 edd.
2170 3487 2338 3540 berol.
2375 3517 2442 3524 —-
2479 3487 2529 3539 J.
2567 3485 2844 3572 Oberdiclr

770 3584 827 3636 in
863 3581 1207 3649 ephemeride
1243 3599 1419 3650 gymn.
1455 3584 1641 3636 Austr.
1680 3599 1731 3636 a.
1771 3585 1920 3636 1868.
1959 3599 2010 3651 p.
2049 3585 2190 3636 343.
2237 3588 2363 3634 tom.
2401 3582 2547 3636 XIII.
2585 3583 2842 3635 coniecit:

770 3678 875 3732 nisi
924 3694 1045 3730 eum
1106 3679 1191 3730 sui
1247 3693 1419 3745 aquae
1478 3678 1849 3732 inhaerentem
1898 3678 1934 3730 l.
1997 3707 2064 3716 --
2125 3676 2352 3744 Maduig
2397 3678 2455 3729 in
2514 3676 2728 3730 aduersi.
2770 3679 2842 3730 II.

769 3791 822 3842 p.
849 3776 976 3826 640
1008 3789 1113 3841 sq.:
1150 3773 1257 3826 nisi
1292 3789 1415 3826 eum
1449 3774 1533 3826 sui
1564 3789 1701 3840 equo
1738 3773 2093 3839 liberassent3
2115 3802 2181 3810 —
2201 3772 2448 3830 Bahrens
2467 3772 2526 3826 in
2555 3772 2844 3826 annalibus

768 3870 899 3938 phil.
942 3873 1128 3936 1871,
1164 3885 1216 3937 p.
1254 3872 1393 3922 656.
1432 3875 1557 3922 tom.
1587 3868 1724 3922 CIII.
1763 3870 2098 3935 suspicatur:
2135 3869 2242 3920 nisi
2278 3884 2400 3920 eum
2435 3869 2520 3920 sui
2545 3883 2666 3920 cum
2703 3884 2842 3935 equo

770 3966 883 4019 inh.
918 3965 955 4017 l.
993 3996 1061 4003 —
1096 3966 1203 4017 uiri
1241 3964 1384 4017 docti
1434 3964 1691 4017 uidelicet
1737 3979 2027 4031 personam
2073 3963 2398 4016 liberantem
2439 3963 2839 4031 desiderabant,

772 4077 933 4129 quam
959 4062 1027 4114 ob
1053 4076 1167 4113 rem
1192 4061 1341 4126 „sui“
1382 4062 1855 4127 interposuerunt3
1894 4065 1950 4113 at
1986 4066 2132 4112 recte
2167 4060 2452 4127 perpensis
2487 4059 2668 4112 uerbis
2694 4065 2844 4112 ante-

772 4157 1089 4210 cedentibus
1124 4157 1360 4210 dubitari
1408 4173 1515 4209 non
1564 4163 1748 4224 potest
1781 4161 1906 4223 post
1957 4155 2394 4216 ..inhaerentem“
2433 4155 2698 4209 excidisse
2745 4172 2842 4208 uo-

776 4253 1053 4306 cabulum:
1107 4253 1401 4320 „milites;·‘
1450 4255 1505 4306 in
1554 4253 1957 4319 praepositione
2008 4254 2196 4318 „cum“
2234 4257 2414 4303 autem
2461 4251 2690 4304 haerere
2735 4267 2844 4307 non

777 4349 959 4401 debes».
1012 4380 1073 4386 —
