<?xml version="1.0" encoding="UTF-8"?>
<!DOCTYPE html PUBLIC "-//W3C//DTD XHTML 1.0 Transitional//EN"
    "http://www.w3.org/TR/xhtml1/DTD/xhtml1-transitional.dtd">
<html xmlns="http://www.w3.org/1999/xhtml" xml:lang="en" lang="en">
 <head>
  <title>
</title>
<meta http-equiv="Content-Type" content="text/html;charset=utf-8" />
  <meta name='ocr-system' content='tesseract 3.04.00' />
  <meta name='ocr-capabilities' content='ocr_page ocr_carea ocr_par ocr_line ocrx_word'/>
</head>
<body>
  <div class='ocr_page' id='page_1' title='image "./depraepositionu00kraugoog_0099.png"; bbox 0 0 3400 5317; ppageno 0'>
   <div class='ocr_carea' id='block_1_1' title="bbox 1319 684 1742 746">
    <p class='ocr_par' dir='ltr' id='par_1_1' title="bbox 1319 684 1742 746">
     <span class='ocr_line' id='line_1_1' title="bbox 1319 684 1742 746; baseline 0 -18"><span class='ocrx_word' id='word_1_1' title='bbox 1319 684 1742 746; x_wconf 46' lang='grc' dir='ltr'>ἡ,81...</span> 
     </span>
    </p>
   </div>
   <div class='ocr_carea' id='block_1_2' title="bbox 474 845 2563 1407">
    <p class='ocr_par' dir='ltr' id='par_1_2' title="bbox 474 845 2563 1407">
     <span class='ocr_line' id='line_1_2' title="bbox 481 845 2563 961; baseline 0.005 -31"><span class='ocrx_word' id='word_1_2' title='bbox 481 868 512 929; x_wconf 95' lang='grc'>1</span> <span class='ocrx_word' id='word_1_3' title='bbox 540 845 604 945; x_wconf 39' lang='lat'>2³,</span> <span class='ocrx_word' id='word_1_4' title='bbox 651 869 720 932; x_wconf 90' lang='lat'>7:</span> <span class='ocrx_word' id='word_1_5' title='bbox 764 869 989 935; x_wconf 90' lang='lat' dir='ltr'>uiuant</span> <span class='ocrx_word' id='word_1_6' title='bbox 1032 871 1098 934; x_wconf 92' lang='lat' dir='ltr'>in</span> <span class='ocrx_word' id='word_1_7' title='bbox 1144 873 1521 954; x_wconf 87' lang='lat' dir='ltr'>patrimonio</span> <span class='ocrx_word' id='word_1_8' title='bbox 1551 893 1662 957; x_wconf 91' lang='lat' dir='ltr'>pro</span> <span class='ocrx_word' id='word_1_9' title='bbox 1710 877 1887 956; x_wconf 87' lang='lat' dir='ltr'>parte</span> <span class='ocrx_word' id='word_1_10' title='bbox 1936 874 2050 961; x_wconf 87' lang='lat'>(=</span> <span class='ocrx_word' id='word_1_11' title='bbox 2098 895 2169 940; x_wconf 83' lang='lat' dir='ltr'>ex</span> <span class='ocrx_word' id='word_1_12' title='bbox 2214 877 2416 960; x_wconf 91' lang='lat' dir='ltr'>parte)</span> <span class='ocrx_word' id='word_1_13' title='bbox 2455 877 2563 940; x_wconf 91' lang='lat' dir='ltr'>do·-</span> 
     </span>
     <span class='ocr_line' id='line_1_3' title="bbox 477 982 2560 1085; baseline 0.005 -42"><span class='ocrx_word' id='word_1_14' title='bbox 477 982 661 1056; x_wconf 87' lang='lat' dir='ltr'>nat0;</span> <span class='ocrx_word' id='word_1_15' title='bbox 711 1019 795 1027; x_wconf 89' lang='lat'>—</span> <span class='ocrx_word' id='word_1_16' title='bbox 840 983 1033 1048; x_wconf 87' lang='lat' dir='ltr'>Marc.</span> <span class='ocrx_word' id='word_1_17' title='bbox 1096 987 1214 1063; x_wconf 87' lang='lat'>26,</span> <span class='ocrx_word' id='word_1_18' title='bbox 1282 987 1407 1050; x_wconf 89' lang='lat'>10:</span> <span class='ocrx_word' id='word_1_19' title='bbox 1456 987 1742 1052; x_wconf 89' lang='lat' dir='ltr'>Marcum</span> <span class='ocrx_word' id='word_1_20' title='bbox 1802 1007 1912 1072; x_wconf 90' lang='lat' dir='ltr'>pro</span> <span class='ocrx_word' id='word_1_21' title='bbox 1974 989 2310 1085; x_wconf 80' lang='lat' dir='ltr'>clementia</span> <span class='ocrx_word' id='word_1_22' title='bbox 2363 990 2560 1054; x_wconf 89' lang='lat' dir='ltr'>occidi</span> 
     </span>
     <span class='ocr_line' id='line_1_4' title="bbox 476 1097 2560 1186; baseline 0.004 -28"><span class='ocrx_word' id='word_1_23' title='bbox 476 1113 705 1176; x_wconf 88' lang='lat' dir='ltr'>passus</span> <span class='ocrx_word' id='word_1_24' title='bbox 768 1097 895 1169; x_wconf 84' lang='lat' dir='ltr'>est:</span> <span class='ocrx_word' id='word_1_25' title='bbox 950 1135 1023 1142; x_wconf 92' lang='lat'>--</span> <span class='ocrx_word' id='word_1_26' title='bbox 1074 1097 1288 1162; x_wconf 90' lang='lat' dir='ltr'>Aurel.</span> <span class='ocrx_word' id='word_1_27' title='bbox 1352 1100 1466 1177; x_wconf 85' lang='lat'>49,</span> <span class='ocrx_word' id='word_1_28' title='bbox 1532 1101 1603 1162; x_wconf 87' lang='lat'>8:</span> <span class='ocrx_word' id='word_1_29' title='bbox 1664 1101 2096 1165; x_wconf 89' lang='lat' dir='ltr'>eunuchorum</span> <span class='ocrx_word' id='word_1_30' title='bbox 2141 1102 2398 1166; x_wconf 89' lang='lat' dir='ltr'>modum</span> <span class='ocrx_word' id='word_1_31' title='bbox 2450 1121 2560 1186; x_wconf 91' lang='lat' dir='ltr'>pro</span> 
     </span>
     <span class='ocr_line' id='line_1_5' title="bbox 478 1195 2561 1298; baseline 0.004 -30"><span class='ocrx_word' id='word_1_32' title='bbox 478 1195 809 1272; x_wconf 86' lang='lat' dir='ltr'>senatoriis</span> <span class='ocrx_word' id='word_1_33' title='bbox 865 1210 1356 1291; x_wconf 82' lang='lat' dir='ltr'>professionibus</span> <span class='ocrx_word' id='word_1_34' title='bbox 1418 1212 1676 1288; x_wconf 81' lang='lat' dir='ltr'>statuit:</span> <span class='ocrx_word' id='word_1_35' title='bbox 1725 1251 1809 1259; x_wconf 85' lang='lat'>—-</span> <span class='ocrx_word' id='word_1_36' title='bbox 1854 1214 2045 1278; x_wconf 86' lang='lat' dir='ltr'>Hadr.</span> <span class='ocrx_word' id='word_1_37' title='bbox 2111 1215 2169 1292; x_wconf 90' lang='lat'>7,</span> <span class='ocrx_word' id='word_1_38' title='bbox 2233 1216 2306 1277; x_wconf 85' lang='lat'>9:</span> <span class='ocrx_word' id='word_1_39' title='bbox 2361 1215 2561 1298; x_wconf 89' lang='lat' dir='ltr'>patri-</span> 
     </span>
     <span class='ocr_line' id='line_1_6' title="bbox 474 1320 2016 1407; baseline 0.005 -25"><span class='ocrx_word' id='word_1_40' title='bbox 474 1320 759 1384; x_wconf 89' lang='lat' dir='ltr'><strong>monium</strong></span> <span class='ocrx_word' id='word_1_41' title='bbox 803 1340 913 1403; x_wconf 92' lang='lat' dir='ltr'>pro</span> <span class='ocrx_word' id='word_1_42' title='bbox 962 1322 1303 1388; x_wconf 88' lang='lat' dir='ltr'>liberorum</span> <span class='ocrx_word' id='word_1_43' title='bbox 1348 1325 1528 1388; x_wconf 92' lang='lat' dir='ltr'>modo</span> <span class='ocrx_word' id='word_1_44' title='bbox 1578 1324 1870 1407; x_wconf 85' lang='lat' dir='ltr'>expleuit.</span> <span class='ocrx_word' id='word_1_45' title='bbox 1928 1365 2016 1373; x_wconf 82' lang='lat'>-—</span> 
     </span>
    </p>
   </div>
   <div class='ocr_carea' id='block_1_3' title="bbox 470 1451 2555 1872">
    <p class='ocr_par' dir='ltr' id='par_1_3' title="bbox 470 1451 2555 1872">
     <span class='ocr_line' id='line_1_7' title="bbox 685 1451 2555 1540; baseline 0.003 -24"><span class='ocrx_word' id='word_1_46' title='bbox 685 1451 765 1516; x_wconf 82' lang='lat'>11.</span> <span class='ocrx_word' id='word_1_47' title='bbox 813 1467 879 1532; x_wconf 83' lang='lat' dir='ltr'>p.</span> <span class='ocrx_word' id='word_1_48' title='bbox 927 1451 1111 1535; x_wconf 89' lang='grc'>585,</span> <span class='ocrx_word' id='word_1_49' title='bbox 1159 1453 1281 1520; x_wconf 89' lang='grc'>10.</span> <span class='ocrx_word' id='word_1_50' title='bbox 1328 1453 1510 1520; x_wconf 88' lang='lat' dir='ltr'>Diad.</span> <span class='ocrx_word' id='word_1_51' title='bbox 1560 1455 1617 1532; x_wconf 85' lang='lat'>2,</span> <span class='ocrx_word' id='word_1_52' title='bbox 1671 1455 1742 1516; x_wconf 90' lang='lat'>1:</span> <span class='ocrx_word' id='word_1_53' title='bbox 1793 1455 2019 1520; x_wconf 90' lang='lat' dir='ltr'>habete</span> <span class='ocrx_word' id='word_1_54' title='bbox 2051 1455 2248 1540; x_wconf 83' lang='lat' dir='ltr'>igitur</span> <span class='ocrx_word' id='word_1_55' title='bbox 2291 1477 2402 1539; x_wconf 87' lang='lat' dir='ltr'>pro</span> <span class='ocrx_word' id='word_1_56' title='bbox 2437 1458 2555 1523; x_wconf 91' lang='lat' dir='ltr'>im-</span> 
     </span>
     <span class='ocr_line' id='line_1_8' title="bbox 470 1563 2548 1651; baseline 0.004 -24"><span class='ocrx_word' id='word_1_57' title='bbox 470 1563 647 1646; x_wconf 92' lang='lat' dir='ltr'>perio</span> <span class='ocrx_word' id='word_1_58' title='bbox 688 1583 905 1629; x_wconf 89' lang='lat' dir='ltr'>aureos</span> <span class='ocrx_word' id='word_1_59' title='bbox 938 1566 1147 1630; x_wconf 92' lang='lat' dir='ltr'>ternos</span> <span class='ocrx_word' id='word_1_60' title='bbox 1181 1585 1291 1648; x_wconf 91' lang='lat' dir='ltr'>pro</span> <span class='ocrx_word' id='word_1_61' title='bbox 1323 1566 1627 1631; x_wconf 73' lang='lat' dir='ltr'>Antonini</span> <span class='ocrx_word' id='word_1_62' title='bbox 1652 1567 1905 1632; x_wconf 91' lang='lat' dir='ltr'>nomine</span> <span class='ocrx_word' id='word_1_63' title='bbox 1939 1587 2155 1634; x_wconf 85' lang='lat' dir='ltr'>aureos</span> <span class='ocrx_word' id='word_1_64' title='bbox 2187 1569 2443 1651; x_wconf 80' lang='lat' dir='ltr'>quinos:</span> <span class='ocrx_word' id='word_1_65' title='bbox 2481 1607 2548 1618; x_wconf 89' lang='lat'><em>-</em></span> 
     </span>
     <span class='ocr_line' id='line_1_9' title="bbox 474 1675 2554 1765; baseline 0.004 -25"><span class='ocrx_word' id='word_1_66' title='bbox 474 1675 651 1740; x_wconf 80' lang='lat' dir='ltr'>Cass,</span> <span class='ocrx_word' id='word_1_67' title='bbox 701 1678 732 1740; x_wconf 88' lang='lat'>1</span> <span class='ocrx_word' id='word_1_68' title='bbox 754 1679 814 1755; x_wconf 85' lang='lat'>2,</span> <span class='ocrx_word' id='word_1_69' title='bbox 878 1678 951 1742; x_wconf 85' lang='lat'>2:</span> <span class='ocrx_word' id='word_1_70' title='bbox 1020 1677 1266 1742; x_wconf 87' lang='lat' dir='ltr'>habetis</span> <span class='ocrx_word' id='word_1_71' title='bbox 1325 1697 1435 1760; x_wconf 92' lang='lat' dir='ltr'>pro</span> <span class='ocrx_word' id='word_1_72' title='bbox 1496 1679 1917 1762; x_wconf 74' lang='lat' dir='ltr'>gratulatione</span> <span class='ocrx_word' id='word_1_73' title='bbox 1977 1699 2278 1765; x_wconf 82' lang='lat' dir='ltr'>generum</span> <span class='ocrx_word' id='word_1_74' title='bbox 2341 1702 2554 1748; x_wconf 92' lang='lat' dir='ltr'>meum</span> 
     </span>
     <span class='ocr_line' id='line_1_10' title="bbox 474 1789 1953 1872; baseline 0.003 -21"><span class='ocrx_word' id='word_1_75' title='bbox 474 1789 835 1865; x_wconf 79' lang='lat' dir='ltr'>consulem:</span> <span class='ocrx_word' id='word_1_76' title='bbox 884 1827 972 1836; x_wconf 87' lang='lat'>—-</span> <span class='ocrx_word' id='word_1_77' title='bbox 1015 1789 1212 1854; x_wconf 88' lang='lat' dir='ltr'>Marc.</span> <span class='ocrx_word' id='word_1_78' title='bbox 1262 1792 1321 1867; x_wconf 92' lang='lat'>7,</span> <span class='ocrx_word' id='word_1_79' title='bbox 1371 1792 1445 1853; x_wconf 85' lang='lat'>9:</span> <span class='ocrx_word' id='word_1_80' title='bbox 1493 1811 1603 1872; x_wconf 89' lang='lat' dir='ltr'>pro</span> <span class='ocrx_word' id='word_1_81' title='bbox 1650 1793 1820 1868; x_wconf 80' lang='lat' dir='ltr'>rata:</span> <span class='ocrx_word' id='word_1_82' title='bbox 1866 1829 1953 1838; x_wconf 89' lang='lat'>—--</span> 
     </span>
    </p>
   </div>
   <div class='ocr_carea' id='block_1_4' title="bbox 463 1919 2566 3691">
    <p class='ocr_par' dir='ltr' id='par_1_4' title="bbox 463 1919 2566 3691">
     <span class='ocr_line' id='line_1_11' title="bbox 686 1919 2555 2006; baseline 0.004 -22"><span class='ocrx_word' id='word_1_83' title='bbox 686 1920 773 1984; x_wconf 83' lang='lat'>11.</span> <span class='ocrx_word' id='word_1_84' title='bbox 819 1938 886 2002; x_wconf 87' lang='lat' dir='ltr'>p.</span> <span class='ocrx_word' id='word_1_85' title='bbox 933 1919 1117 2000; x_wconf 82' lang='grc'>586,</span> <span class='ocrx_word' id='word_1_86' title='bbox 1166 1920 1269 1986; x_wconf 89' lang='lat' dir='ltr'>ll.</span> <span class='ocrx_word' id='word_1_87' title='bbox 1316 1920 1564 1986; x_wconf 87' lang='lat' dir='ltr'>Saturn.</span> <span class='ocrx_word' id='word_1_88' title='bbox 1617 1923 1732 2000; x_wconf 87' lang='lat'>10,</span> <span class='ocrx_word' id='word_1_89' title='bbox 1781 1924 1853 1986; x_wconf 84' lang='lat'>2:</span> <span class='ocrx_word' id='word_1_90' title='bbox 1904 1941 2027 1986; x_wconf 92' lang='lat' dir='ltr'>non</span> <span class='ocrx_word' id='word_1_91' title='bbox 2073 1923 2248 1988; x_wconf 90' lang='lat' dir='ltr'>cibus</span> <span class='ocrx_word' id='word_1_92' title='bbox 2300 1928 2410 2006; x_wconf 85' lang='lat' dir='ltr'>pro</span> <span class='ocrx_word' id='word_1_93' title='bbox 2443 1945 2555 1992; x_wconf 81' lang='lat' dir='ltr'>uo-</span> 
     </span>
     <span class='ocr_line' id='line_1_12' title="bbox 473 2030 2552 2118; baseline 0.004 -25"><span class='ocrx_word' id='word_1_94' title='bbox 473 2030 719 2112; x_wconf 89' lang='lat' dir='ltr'>luptate</span> <span class='ocrx_word' id='word_1_95' title='bbox 752 2051 877 2096; x_wconf 89' lang='lat' dir='ltr'>non</span> <span class='ocrx_word' id='word_1_96' title='bbox 908 2032 1028 2095; x_wconf 89' lang='lat' dir='ltr'>iter</span> <span class='ocrx_word' id='word_1_97' title='bbox 1056 2052 1165 2115; x_wconf 90' lang='lat' dir='ltr'>pro</span> <span class='ocrx_word' id='word_1_98' title='bbox 1200 2034 1587 2112; x_wconf 87' lang='lat' dir='ltr'>auctoritate,</span> <span class='ocrx_word' id='word_1_99' title='bbox 1636 2054 1759 2099; x_wconf 90' lang='lat' dir='ltr'>non</span> <span class='ocrx_word' id='word_1_100' title='bbox 1792 2035 1961 2099; x_wconf 87' lang='lat' dir='ltr'>bella</span> <span class='ocrx_word' id='word_1_101' title='bbox 2004 2055 2114 2118; x_wconf 92' lang='lat' dir='ltr'>pro</span> <span class='ocrx_word' id='word_1_102' title='bbox 2167 2036 2396 2102; x_wconf 82' lang='lat' dir='ltr'>iudicio</span> <span class='ocrx_word' id='word_1_103' title='bbox 2428 2058 2552 2103; x_wconf 90' lang='lat' dir='ltr'>non</span> 
     </span>
     <span class='ocr_line' id='line_1_13' title="bbox 472 2144 2566 2229; baseline 0.002 -23"><span class='ocrx_word' id='word_1_104' title='bbox 472 2163 651 2207; x_wconf 87' lang='lat' dir='ltr'>arma</span> <span class='ocrx_word' id='word_1_105' title='bbox 693 2163 803 2226; x_wconf 92' lang='lat' dir='ltr'>pro</span> <span class='ocrx_word' id='word_1_106' title='bbox 850 2144 1089 2210; x_wconf 81' lang='lat' dir='ltr'>studio.</span> <span class='ocrx_word' id='word_1_107' title='bbox 1136 2183 1221 2193; x_wconf 92' lang='lat'>—-</span> <span class='ocrx_word' id='word_1_108' title='bbox 1265 2147 1585 2211; x_wconf 85' lang='lat' dir='ltr'>rariora</span> <span class='ocrx_word' id='word_1_109' title='bbox 1628 2147 1826 2213; x_wconf 89' lang='lat' dir='ltr'>haec</span> <span class='ocrx_word' id='word_1_110' title='bbox 1867 2150 2089 2214; x_wconf 87' lang='lat' dir='ltr'>sunt:</span> <span class='ocrx_word' id='word_1_111' title='bbox 2139 2150 2319 2217; x_wconf 89' lang='lat' dir='ltr'>Diad.</span> <span class='ocrx_word' id='word_1_112' title='bbox 2367 2152 2425 2229; x_wconf 87' lang='lat'>3,</span> <span class='ocrx_word' id='word_1_113' title='bbox 2479 2152 2566 2216; x_wconf 83' lang='lat'>1:</span> 
     </span>
     <span class='ocr_line' id='line_1_14' title="bbox 472 2256 2548 2340; baseline 0.004 -22"><span class='ocrx_word' id='word_1_114' title='bbox 472 2256 851 2337; x_wconf 82' lang='lat' dir='ltr'>supplicatio</span> <span class='ocrx_word' id='word_1_115' title='bbox 897 2277 1007 2340; x_wconf 91' lang='lat' dir='ltr'>pro</span> <span class='ocrx_word' id='word_1_116' title='bbox 1037 2259 1343 2324; x_wconf 86' lang='lat' dir='ltr'>Antonini</span> <span class='ocrx_word' id='word_1_117' title='bbox 1388 2260 1639 2324; x_wconf 91' lang='lat' dir='ltr'>nomine</span> <span class='ocrx_word' id='word_1_118' title='bbox 1673 2261 1986 2325; x_wconf 91' lang='lat' dir='ltr'>celebrata</span> <span class='ocrx_word' id='word_1_119' title='bbox 2015 2262 2146 2335; x_wconf 83' lang='lat' dir='ltr'>est:</span> <span class='ocrx_word' id='word_1_120' title='bbox 2196 2299 2277 2308; x_wconf 85' lang='lat'>——</span> <span class='ocrx_word' id='word_1_121' title='bbox 2310 2261 2548 2328; x_wconf 84' lang='lat' dir='ltr'>Comm.</span> 
     </span>
     <span class='ocr_line' id='line_1_15' title="bbox 472 2369 2552 2451; baseline 0.005 -21"><span class='ocrx_word' id='word_1_122' title='bbox 472 2369 535 2445; x_wconf 88' lang='lat'>9,</span> <span class='ocrx_word' id='word_1_123' title='bbox 588 2371 657 2434; x_wconf 84' lang='lat'>8:</span> <span class='ocrx_word' id='word_1_124' title='bbox 705 2388 814 2451; x_wconf 91' lang='lat' dir='ltr'>pro</span> <span class='ocrx_word' id='word_1_125' title='bbox 861 2372 923 2434; x_wconf 92' lang='lat' dir='ltr'>te</span> <span class='ocrx_word' id='word_1_126' title='bbox 954 2370 1317 2448; x_wconf 74' lang='lat' dir='ltr'>timuimus:</span> <span class='ocrx_word' id='word_1_127' title='bbox 1355 2409 1433 2418; x_wconf 88' lang='lat'>—-</span> <span class='ocrx_word' id='word_1_128' title='bbox 1468 2371 1655 2437; x_wconf 86' lang='lat' dir='ltr'>Auid.</span> <span class='ocrx_word' id='word_1_129' title='bbox 1704 2371 1876 2438; x_wconf 83' lang='lat' dir='ltr'>Cass.</span> <span class='ocrx_word' id='word_1_130' title='bbox 1928 2375 2041 2451; x_wconf 89' lang='grc'>14,</span> <span class='ocrx_word' id='word_1_131' title='bbox 2091 2375 2163 2436; x_wconf 93' lang='lat'>6:</span> <span class='ocrx_word' id='word_1_132' title='bbox 2213 2393 2326 2438; x_wconf 91' lang='lat' dir='ltr'>nec</span> <span class='ocrx_word' id='word_1_133' title='bbox 2358 2375 2552 2440; x_wconf 86' lang='lat' dir='ltr'>sentit</span> 
     </span>
     <span class='ocr_line' id='line_1_16' title="bbox 466 2482 2552 2567; baseline 0.005 -24"><span class='ocrx_word' id='word_1_134' title='bbox 466 2499 585 2562; x_wconf 89' lang='lat' dir='ltr'>pro</span> <span class='ocrx_word' id='word_1_135' title='bbox 622 2482 978 2563; x_wconf 77' lang='lat' dir='ltr'>republica:</span> <span class='ocrx_word' id='word_1_136' title='bbox 1026 2483 1105 2547; x_wconf 87' lang='lat' dir='ltr'>cf.</span> <span class='ocrx_word' id='word_1_137' title='bbox 1140 2482 1302 2549; x_wconf 81' lang='lat' dir='ltr'>Geli.</span> <span class='ocrx_word' id='word_1_138' title='bbox 1351 2485 1427 2548; x_wconf 89' lang='lat' dir='ltr'>V.</span> <span class='ocrx_word' id='word_1_139' title='bbox 1480 2487 1591 2548; x_wconf 83' lang='grc' dir='ltr'>1οε</span> <span class='ocrx_word' id='word_1_140' title='bbox 1641 2485 1695 2548; x_wconf 89' lang='lat' dir='ltr'>si</span> <span class='ocrx_word' id='word_1_141' title='bbox 1740 2484 1978 2549; x_wconf 88' lang='lat' dir='ltr'>iudices</span> <span class='ocrx_word' id='word_1_142' title='bbox 2024 2504 2133 2567; x_wconf 88' lang='lat' dir='ltr'>pro</span> <span class='ocrx_word' id='word_1_143' title='bbox 2179 2503 2367 2550; x_wconf 87' lang='lat' dir='ltr'>causa</span> <span class='ocrx_word' id='word_1_144' title='bbox 2410 2505 2552 2554; x_wconf 86' lang='lat' dir='ltr'>mea</span> 
     </span>
     <span class='ocr_line' id='line_1_17' title="bbox 470 2595 2550 2680; baseline 0.004 -24"><span class='ocrx_word' id='word_1_145' title='bbox 470 2595 817 2670; x_wconf 80' lang='lat' dir='ltr'>senserint:</span> <span class='ocrx_word' id='word_1_146' title='bbox 862 2633 951 2641; x_wconf 87' lang='lat'>--—</span> <span class='ocrx_word' id='word_1_147' title='bbox 997 2595 1183 2660; x_wconf 84' lang='lat' dir='ltr'>Gord.</span> <span class='ocrx_word' id='word_1_148' title='bbox 1233 2597 1350 2674; x_wconf 81' lang='lat'>24,</span> <span class='ocrx_word' id='word_1_149' title='bbox 1399 2599 1472 2660; x_wconf 88' lang='lat'>6:</span> <span class='ocrx_word' id='word_1_150' title='bbox 1536 2616 1738 2679; x_wconf 91' lang='lat' dir='ltr'>neque</span> <span class='ocrx_word' id='word_1_151' title='bbox 1787 2597 1948 2660; x_wconf 92' lang='lat' dir='ltr'>enim</span> <span class='ocrx_word' id='word_1_152' title='bbox 2000 2597 2331 2680; x_wconf 87' lang='lat' dir='ltr'>quisquam</span> <span class='ocrx_word' id='word_1_153' title='bbox 2389 2599 2550 2666; x_wconf 87' lang='lat' dir='ltr'>ferre</span> 
     </span>
     <span class='ocr_line' id='line_1_18' title="bbox 467 2706 2550 2794; baseline 0.003 -25"><span class='ocrx_word' id='word_1_154' title='bbox 467 2706 682 2787; x_wconf 87' lang='lat' dir='ltr'>potuit</span> <span class='ocrx_word' id='word_1_155' title='bbox 730 2743 806 2754; x_wconf 88' lang='lat'>—-</span> <span class='ocrx_word' id='word_1_156' title='bbox 856 2708 1151 2772; x_wconf 89' lang='lat' dir='ltr'>liberatos</span> <span class='ocrx_word' id='word_1_157' title='bbox 1198 2727 1307 2790; x_wconf 89' lang='lat' dir='ltr'>pro</span> <span class='ocrx_word' id='word_1_158' title='bbox 1353 2708 1613 2774; x_wconf 82' lang='lat' dir='ltr'>libidine</span> <span class='ocrx_word' id='word_1_159' title='bbox 1660 2712 1848 2792; x_wconf 85' lang='lat' dir='ltr'>atque</span> <span class='ocrx_word' id='word_1_160' title='bbox 1896 2711 2179 2774; x_wconf 83' lang='lat' dir='ltr'>mercede</span> <span class='ocrx_word' id='word_1_161' title='bbox 2225 2730 2380 2794; x_wconf 89' lang='lat' dir='ltr'>quos</span> <span class='ocrx_word' id='word_1_162' title='bbox 2427 2733 2550 2778; x_wconf 89' lang='lat' dir='ltr'>non</span> 
     </span>
     <span class='ocr_line' id='line_1_19' title="bbox 468 2819 2551 2906; baseline 0.003 -23"><span class='ocrx_word' id='word_1_163' title='bbox 468 2819 767 2895; x_wconf 83' lang='lat' dir='ltr'>decebat:</span> <span class='ocrx_word' id='word_1_164' title='bbox 818 2858 894 2870; x_wconf 95' lang='lat'><em>-</em></span> <span class='ocrx_word' id='word_1_165' title='bbox 943 2823 1107 2886; x_wconf 83' lang='lat' dir='ltr'>Max.</span> <span class='ocrx_word' id='word_1_166' title='bbox 1142 2825 1222 2885; x_wconf 90' lang='lat' dir='ltr'>et.</span> <span class='ocrx_word' id='word_1_167' title='bbox 1256 2823 1434 2886; x_wconf 89' lang='lat' dir='ltr'>Balb.</span> <span class='ocrx_word' id='word_1_168' title='bbox 1480 2824 1594 2901; x_wconf 89' lang='lat'>11,</span> <span class='ocrx_word' id='word_1_169' title='bbox 1643 2825 1717 2886; x_wconf 87' lang='lat'>3:</span> <span class='ocrx_word' id='word_1_170' title='bbox 1768 2823 2016 2888; x_wconf 90' lang='lat' dir='ltr'>deuotio</span> <span class='ocrx_word' id='word_1_171' title='bbox 2047 2824 2551 2906; x_wconf 81' lang='lat' dir='ltr'>Aquileiensium</span> 
     </span>
     <span class='ocr_line' id='line_1_20' title="bbox 466 2934 2552 3018; baseline 0.005 -22"><span class='ocrx_word' id='word_1_172' title='bbox 466 2951 585 3014; x_wconf 90' lang='lat' dir='ltr'>pro</span> <span class='ocrx_word' id='word_1_173' title='bbox 649 2934 982 3010; x_wconf 78' lang='lat' dir='ltr'>Romanis:</span> <span class='ocrx_word' id='word_1_174' title='bbox 1030 2972 1109 2980; x_wconf 90' lang='lat'>——</span> <span class='ocrx_word' id='word_1_175' title='bbox 1173 2935 1426 2998; x_wconf 84' lang='lat' dir='ltr'>Maxim.</span> <span class='ocrx_word' id='word_1_176' title='bbox 1500 2937 1617 3014; x_wconf 84' lang='lat'>33,</span> <span class='ocrx_word' id='word_1_177' title='bbox 1692 2936 1760 2998; x_wconf 93' lang='lat' dir='ltr'>l:</span> <span class='ocrx_word' id='word_1_178' title='bbox 1829 2935 2266 3018; x_wconf 87' lang='lat' dir='ltr'>Aquileienses</span> <span class='ocrx_word' id='word_1_179' title='bbox 2335 2939 2552 3006; x_wconf 82' lang='lat' dir='ltr'>contra</span> 
     </span>
     <span class='ocr_line' id='line_1_21' title="bbox 466 3045 2545 3128; baseline 0.002 -17"><span class='ocrx_word' id='word_1_180' title='bbox 466 3045 891 3111; x_wconf 85' lang='lat' dir='ltr'>Maximinum</span> <span class='ocrx_word' id='word_1_181' title='bbox 935 3066 1044 3128; x_wconf 92' lang='lat' dir='ltr'>pro</span> <span class='ocrx_word' id='word_1_182' title='bbox 1086 3048 1309 3111; x_wconf 90' lang='lat' dir='ltr'>senatu</span> <span class='ocrx_word' id='word_1_183' title='bbox 1357 3046 1645 3126; x_wconf 73' lang='lat' dir='ltr'>fuerunt:</span> <span class='ocrx_word' id='word_1_184' title='bbox 1699 3083 1776 3094; x_wconf 89' lang='lat'>—</span> <span class='ocrx_word' id='word_1_185' title='bbox 1826 3050 2041 3113; x_wconf 88' lang='lat' dir='ltr'>contra</span> <span class='ocrx_word' id='word_1_186' title='bbox 2089 3048 2254 3114; x_wconf 83' lang='lat' dir='ltr'>Gall.</span> <span class='ocrx_word' id='word_1_187' title='bbox 2308 3052 2422 3128; x_wconf 88' lang='lat'>14,</span> <span class='ocrx_word' id='word_1_188' title='bbox 2474 3053 2545 3116; x_wconf 95' lang='lat' dir='ltr'>l:</span> 
     </span>
     <span class='ocr_line' id='line_1_22' title="bbox 466 3158 2548 3244; baseline 0.002 -22"><span class='ocrx_word' id='word_1_189' title='bbox 466 3159 627 3222; x_wconf 88' lang='lat' dir='ltr'>haec</span> <span class='ocrx_word' id='word_1_190' title='bbox 673 3158 924 3240; x_wconf 90' lang='lat' dir='ltr'>quidem</span> <span class='ocrx_word' id='word_1_191' title='bbox 970 3158 1331 3223; x_wconf 85' lang='lat' dir='ltr'>Heracliani</span> <span class='ocrx_word' id='word_1_192' title='bbox 1365 3159 1539 3223; x_wconf 90' lang='lat' dir='ltr'>ducis</span> <span class='ocrx_word' id='word_1_193' title='bbox 1573 3178 1720 3244; x_wconf 87' lang='lat' dir='ltr'>erga</span> <span class='ocrx_word' id='word_1_194' title='bbox 1763 3179 1956 3243; x_wconf 92' lang='lat' dir='ltr'>remp.</span> <span class='ocrx_word' id='word_1_195' title='bbox 1992 3161 2239 3226; x_wconf 91' lang='lat' dir='ltr'>deuotio</span> <span class='ocrx_word' id='word_1_196' title='bbox 2272 3162 2428 3238; x_wconf 80' lang='lat' dir='ltr'>fuit:</span> <span class='ocrx_word' id='word_1_197' title='bbox 2464 3201 2548 3210; x_wconf 84' lang='lat'>—-</span> 
     </span>
     <span class='ocr_line' id='line_1_23' title="bbox 466 3270 2544 3354; baseline 0.002 -20"><span class='ocrx_word' id='word_1_198' title='bbox 466 3270 787 3335; x_wconf 82' lang='lat' dir='ltr'>omittitur</span> <span class='ocrx_word' id='word_1_199' title='bbox 829 3271 1203 3353; x_wconf 86' lang='lat' dir='ltr'>praepositio</span> <span class='ocrx_word' id='word_1_200' title='bbox 1266 3271 1373 3335; x_wconf 90' lang='lat' dir='ltr'>ubi</span> <span class='ocrx_word' id='word_1_201' title='bbox 1420 3273 1538 3336; x_wconf 82' lang='lat' dir='ltr'>uix</span> <span class='ocrx_word' id='word_1_202' title='bbox 1598 3292 1720 3337; x_wconf 90' lang='lat' dir='ltr'>non</span> <span class='ocrx_word' id='word_1_203' title='bbox 1770 3273 2190 3337; x_wconf 89' lang='lat' dir='ltr'>desideratur:</span> <span class='ocrx_word' id='word_1_204' title='bbox 2254 3275 2434 3339; x_wconf 90' lang='lat' dir='ltr'>Prob.</span> <span class='ocrx_word' id='word_1_205' title='bbox 2486 3278 2544 3354; x_wconf 85' lang='lat'>9,</span> 
     </span>
     <span class='ocr_line' id='line_1_24' title="bbox 468 3383 2546 3467; baseline 0.003 -21"><span class='ocrx_word' id='word_1_206' title='bbox 468 3383 547 3446; x_wconf 89' lang='lat'>5:</span> <span class='ocrx_word' id='word_1_207' title='bbox 611 3383 921 3467; x_wconf 88' lang='lat' dir='ltr'>pugnauit</span> <span class='ocrx_word' id='word_1_208' title='bbox 979 3383 1168 3448; x_wconf 86' lang='lat' dir='ltr'>etiam</span> <span class='ocrx_word' id='word_1_209' title='bbox 1226 3385 1442 3448; x_wconf 89' lang='lat' dir='ltr'>contra</span> <span class='ocrx_word' id='word_1_210' title='bbox 1485 3383 1892 3467; x_wconf 87' lang='lat' dir='ltr'>Palmyrenos</span> <span class='ocrx_word' id='word_1_211' title='bbox 1940 3383 2206 3450; x_wconf 81' lang='lat' dir='ltr'>Odenati</span> <span class='ocrx_word' id='word_1_212' title='bbox 2262 3388 2325 3451; x_wconf 91' lang='lat' dir='ltr'>et</span> <span class='ocrx_word' id='word_1_213' title='bbox 2371 3387 2546 3452; x_wconf 82' lang='lat' dir='ltr'>Cleo-</span> 
     </span>
     <span class='ocr_line' id='line_1_25' title="bbox 463 3495 2543 3580; baseline 0.003 -22"><span class='ocrx_word' id='word_1_214' title='bbox 463 3495 683 3577; x_wconf 86' lang='lat' dir='ltr'>patrae</span> <span class='ocrx_word' id='word_1_215' title='bbox 744 3495 1028 3578; x_wconf 87' lang='lat' dir='ltr'>partibus</span> <span class='ocrx_word' id='word_1_216' title='bbox 1083 3497 1444 3580; x_wconf 87' lang='lat' dir='ltr'>Aegyptum</span> <span class='ocrx_word' id='word_1_217' title='bbox 1502 3495 1941 3573; x_wconf 79' lang='lat' dir='ltr'>defendentes:</span> <span class='ocrx_word' id='word_1_218' title='bbox 2007 3535 2085 3544; x_wconf 81' lang='lat'>—-</span> <span class='ocrx_word' id='word_1_219' title='bbox 2149 3499 2309 3562; x_wconf 87' lang='lat' dir='ltr'>teste</span> <span class='ocrx_word' id='word_1_220' title='bbox 2370 3499 2543 3567; x_wconf 83' lang='lat' dir='ltr'>Jord.</span> 
     </span>
     <span class='ocr_line' id='line_1_26' title="bbox 464 3609 1373 3691; baseline 0 -19"><span class='ocrx_word' id='word_1_221' title='bbox 464 3609 721 3673; x_wconf 85' lang='lat' dir='ltr'>tantum</span> <span class='ocrx_word' id='word_1_222' title='bbox 775 3610 828 3673; x_wconf 93' lang='lat' dir='ltr'>B</span> <span class='ocrx_word' id='word_1_223' title='bbox 884 3615 1062 3691; x_wconf 89' lang='lat' dir='ltr'>„pro“</span> <span class='ocrx_word' id='word_1_224' title='bbox 1118 3609 1373 3674; x_wconf 89' lang='lat' dir='ltr'>omittit.</span> 
     </span>
    </p>
   </div>
   <div class='ocr_carea' id='block_1_5' title="bbox 458 3737 2542 4382">
    <p class='ocr_par' dir='ltr' id='par_1_5' title="bbox 458 3737 2542 4382">
     <span class='ocr_line' id='line_1_27' title="bbox 680 3737 2542 3809; baseline 0.004 -19"><span class='ocrx_word' id='word_1_225' title='bbox 680 3737 768 3802; x_wconf 76' lang='lat'><strong>¹¹⁴)</strong></span> <span class='ocrx_word' id='word_1_226' title='bbox 795 3753 918 3805; x_wconf 90' lang='lat' dir='ltr'>pro</span> <span class='ocrx_word' id='word_1_227' title='bbox 945 3737 1066 3790; x_wconf 87' lang='lat' dir='ltr'>adn.</span> <span class='ocrx_word' id='word_1_228' title='bbox 1095 3754 1237 3791; x_wconf 92' lang='lat' dir='ltr'>cum</span> <span class='ocrx_word' id='word_1_229' title='bbox 1266 3737 1804 3792; x_wconf 81' lang='lat' dir='ltr'>desideratiuo?</span> <span class='ocrx_word' id='word_1_230' title='bbox 1829 3740 2006 3792; x_wconf 88' lang='lat' dir='ltr'>Verus</span> <span class='ocrx_word' id='word_1_231' title='bbox 2026 3743 2076 3807; x_wconf 90' lang='grc'>4,</span> <span class='ocrx_word' id='word_1_232' title='bbox 2098 3744 2158 3794; x_wconf 82' lang='grc'>3;</span> <span class='ocrx_word' id='word_1_233' title='bbox 2184 3741 2292 3794; x_wconf 87' lang='lat' dir='ltr'>iam</span> <span class='ocrx_word' id='word_1_234' title='bbox 2309 3741 2542 3809; x_wconf 87' lang='lat' dir='ltr'>primum</span> 
     </span>
     <span class='ocr_line' id='line_1_28' title="bbox 464 3831 2528 3903; baseline 0.001 -17"><span class='ocrx_word' id='word_1_235' title='bbox 464 3833 613 3886; x_wconf 87' lang='lat' dir='ltr'>enim</span> <span class='ocrx_word' id='word_1_236' title='bbox 636 3833 856 3885; x_wconf 86' lang='lat' dir='ltr'>Marcus</span> <span class='ocrx_word' id='word_1_237' title='bbox 894 3831 963 3886; x_wconf 88' lang='lat' dir='ltr'>ad</span> <span class='ocrx_word' id='word_1_238' title='bbox 1000 3833 1201 3886; x_wconf 88' lang='lat' dir='ltr'>milites</span> <span class='ocrx_word' id='word_1_239' title='bbox 1239 3838 1323 3886; x_wconf 84' lang='lat' dir='ltr'>est</span> <span class='ocrx_word' id='word_1_240' title='bbox 1358 3833 1571 3886; x_wconf 84' lang='lat' dir='ltr'>locutus</span> <span class='ocrx_word' id='word_1_241' title='bbox 1610 3839 1665 3886; x_wconf 92' lang='lat' dir='ltr'>et</span> <span class='ocrx_word' id='word_1_242' title='bbox 1699 3850 1799 3901; x_wconf 88' lang='lat' dir='ltr'>pro</span> <span class='ocrx_word' id='word_1_243' title='bbox 1839 3849 2132 3888; x_wconf 85' lang='lat' dir='ltr'>consensus</span> <span class='ocrx_word' id='word_1_244' title='bbox 2169 3836 2421 3903; x_wconf 88' lang='lat' dir='ltr'>imperio.</span> <span class='ocrx_word' id='word_1_245' title='bbox 2445 3873 2458 3886; x_wconf 98' lang='lat'><strong>.</strong></span> <span class='ocrx_word' id='word_1_246' title='bbox 2483 3877 2528 3891; x_wconf 90' lang='lat'>..</span> 
     </span>
     <span class='ocr_line' id='line_1_29' title="bbox 461 3927 2541 4028; baseline 0.002 -47"><span class='ocrx_word' id='word_1_247' title='bbox 461 3927 681 3996; x_wconf 86' lang='lat' dir='ltr'>Heliog.</span> <span class='ocrx_word' id='word_1_248' title='bbox 719 3931 815 3995; x_wconf 88' lang='lat'>26,</span> <span class='ocrx_word' id='word_1_249' title='bbox 842 3931 901 3980; x_wconf 86' lang='lat'>8:</span> <span class='ocrx_word' id='word_1_250' title='bbox 939 3928 1188 3982; x_wconf 86' lang='lat' dir='ltr'>mittebat</span> <span class='ocrx_word' id='word_1_251' title='bbox 1224 3930 1481 3997; x_wconf 85' lang='lat' dir='ltr'>parasitis</span> <span class='ocrx_word' id='word_1_252' title='bbox 1505 3946 1605 3997; x_wconf 85' lang='lat' dir='ltr'>pro</span> <span class='ocrx_word' id='word_1_253' title='bbox 1643 3930 1896 3983; x_wconf 85' lang='lat' dir='ltr'>cellarios</span> <span class='ocrx_word' id='word_1_254' title='bbox 1935 3930 2122 3984; x_wconf 79' lang='lat' dir='ltr'>salarii</span> <span class='ocrx_word' id='word_1_255' title='bbox 2161 3945 2340 3986; x_wconf 82' lang='lat' dir='ltr'>annua</span> <span class='ocrx_word' id='word_1_256' title='bbox 2376 3947 2541 4028; x_wconf 63' lang='grc' dir='ltr'>ηειεεῖ</span> 
     </span>
     <span class='ocr_line' id='line_1_30' title="bbox 460 4023 2542 4094; baseline 0.005 -19"><span class='ocrx_word' id='word_1_257' title='bbox 460 4024 543 4076; x_wconf 84' lang='lat' dir='ltr'>ita</span> <span class='ocrx_word' id='word_1_258' title='bbox 558 4023 708 4076; x_wconf 90' lang='lat' dir='ltr'>BPM</span> <span class='ocrx_word' id='word_1_259' title='bbox 719 4029 859 4076; x_wconf 84' lang='lat' dir='ltr'>teste</span> <span class='ocrx_word' id='word_1_260' title='bbox 874 4024 909 4076; x_wconf 85' lang='lat' dir='ltr'><strong>J</strong></span> <span class='ocrx_word' id='word_1_261' title='bbox 911 4023 1134 4091; x_wconf 87' lang='lat' dir='ltr'>ordan0,</span> <span class='ocrx_word' id='word_1_262' title='bbox 1154 4030 1295 4078; x_wconf 84' lang='lat' dir='ltr'>teste</span> <span class='ocrx_word' id='word_1_263' title='bbox 1308 4025 1503 4078; x_wconf 86' lang='lat' dir='ltr'>Petero</span> <span class='ocrx_word' id='word_1_264' title='bbox 1521 4026 1805 4079; x_wconf 85' lang='lat' dir='ltr'>exhibent:</span> <span class='ocrx_word' id='word_1_265' title='bbox 1827 4025 2068 4094; x_wconf 85' lang='lat' dir='ltr'>cellario,</span> <span class='ocrx_word' id='word_1_266' title='bbox 2089 4027 2197 4080; x_wconf 86' lang='lat' dir='ltr'>utri</span> <span class='ocrx_word' id='word_1_267' title='bbox 2214 4026 2542 4086; x_wconf 86' lang='lat' dir='ltr'>credendum</span> 
     </span>
     <span class='ocr_line' id='line_1_31' title="bbox 461 4118 2540 4194; baseline 0.002 -23"><span class='ocrx_word' id='word_1_268' title='bbox 461 4118 591 4171; x_wconf 77' lang='lat' dir='ltr'>est?</span> <span class='ocrx_word' id='word_1_269' title='bbox 615 4149 680 4156; x_wconf 93' lang='lat'>—</span> <span class='ocrx_word' id='word_1_270' title='bbox 703 4119 759 4172; x_wconf 88' lang='lat' dir='ltr'>C.</span> <span class='ocrx_word' id='word_1_271' title='bbox 786 4119 827 4172; x_wconf 91' lang='grc' dir='ltr'>Ι.</span> <span class='ocrx_word' id='word_1_272' title='bbox 853 4119 915 4172; x_wconf 84' lang='lat' dir='ltr'>L.</span> <span class='ocrx_word' id='word_1_273' title='bbox 942 4119 1033 4172; x_wconf 87' lang='lat' dir='ltr'>VI.</span> <span class='ocrx_word' id='word_1_274' title='bbox 1073 4121 1153 4173; x_wconf 88' lang='lat'>46</span> <span class='ocrx_word' id='word_1_275' title='bbox 1170 4123 1225 4172; x_wconf 94' lang='lat'>1:</span> <span class='ocrx_word' id='word_1_276' title='bbox 1264 4137 1363 4188; x_wconf 93' lang='lat' dir='ltr'>pro</span> <span class='ocrx_word' id='word_1_277' title='bbox 1392 4121 1624 4173; x_wconf 82' lang='lat' dir='ltr'>salutem</span> <span class='ocrx_word' id='word_1_278' title='bbox 1650 4127 1706 4174; x_wconf 88' lang='lat' dir='ltr'>et</span> <span class='ocrx_word' id='word_1_279' title='bbox 1731 4122 2006 4189; x_wconf 76' lang='lat' dir='ltr'>uictoriae,</span> <span class='ocrx_word' id='word_1_280' title='bbox 2035 4145 2100 4168; x_wconf 69' lang='lat' dir='ltr'><strong><em>z</em></strong></span> <span class='ocrx_word' id='word_1_281' title='bbox 2127 4122 2300 4176; x_wconf 90' lang='lat' dir='ltr'>Orelli</span> <span class='ocrx_word' id='word_1_282' title='bbox 2337 4126 2540 4194; x_wconf 50' lang='lat'>2360,</span> 
     </span>
     <span class='ocr_line' id='line_1_32' title="bbox 460 4215 2542 4286; baseline 0.003 -20"><span class='ocrx_word' id='word_1_283' title='bbox 460 4217 495 4267; x_wconf 87' lang='grc'><strong>3</strong></span> <span class='ocrx_word' id='word_1_284' title='bbox 512 4217 548 4266; x_wconf 89' lang='grc'>4</span> <span class='ocrx_word' id='word_1_285' title='bbox 566 4218 591 4266; x_wconf 97' lang='grc'>1</span> <span class='ocrx_word' id='word_1_286' title='bbox 608 4217 666 4267; x_wconf 84' lang='grc'>3;</span> <span class='ocrx_word' id='word_1_287' title='bbox 704 4231 805 4283; x_wconf 90' lang='lat' dir='ltr'>pro</span> <span class='ocrx_word' id='word_1_288' title='bbox 844 4216 1100 4283; x_wconf 81' lang='lat' dir='ltr'>salutem3</span> <span class='ocrx_word' id='word_1_289' title='bbox 1133 4239 1193 4260; x_wconf 71' lang='grc' dir='ltr'>-ε</span> <span class='ocrx_word' id='word_1_290' title='bbox 1220 4215 1419 4269; x_wconf 87' lang='lat' dir='ltr'>Gruter</span> <span class='ocrx_word' id='word_1_291' title='bbox 1442 4219 1537 4284; x_wconf 82' lang='lat'>46,</span> <span class='ocrx_word' id='word_1_292' title='bbox 1566 4220 1627 4285; x_wconf 82' lang='lat'>93</span> <span class='ocrx_word' id='word_1_293' title='bbox 1665 4221 1716 4285; x_wconf 87' lang='lat'>4,</span> <span class='ocrx_word' id='word_1_294' title='bbox 1747 4222 1772 4270; x_wconf 97' lang='grc'>1</span> <span class='ocrx_word' id='word_1_295' title='bbox 1790 4222 1851 4286; x_wconf 86' lang='grc'>2;</span> <span class='ocrx_word' id='word_1_296' title='bbox 1879 4248 1942 4256; x_wconf 84' lang='grc'>--</span> <span class='ocrx_word' id='word_1_297' title='bbox 1964 4218 2031 4272; x_wconf 86' lang='lat' dir='ltr'>cf.</span> <span class='ocrx_word' id='word_1_298' title='bbox 2057 4218 2318 4273; x_wconf 68' lang='lat' dir='ltr'>Ronschs2</span> <span class='ocrx_word' id='word_1_299' title='bbox 2340 4235 2394 4286; x_wconf 90' lang='lat' dir='ltr'>p.</span> <span class='ocrx_word' id='word_1_300' title='bbox 2418 4222 2490 4272; x_wconf 88' lang='lat'>41</span> <span class='ocrx_word' id='word_1_301' title='bbox 2509 4222 2542 4280; x_wconf 74' lang='grc'><strong>2</strong></span> 
     </span>
     <span class='ocr_line' id='line_1_33' title="bbox 458 4311 2330 4382; baseline 0.001 -19"><span class='ocrx_word' id='word_1_302' title='bbox 458 4315 535 4363; x_wconf 83' lang='lat' dir='ltr'>et.</span> <span class='ocrx_word' id='word_1_303' title='bbox 575 4312 716 4364; x_wconf 82' lang='lat'>480.</span> <span class='ocrx_word' id='word_1_304' title='bbox 755 4311 879 4364; x_wconf 75' lang='lat' dir='ltr'>adn.</span> <span class='ocrx_word' id='word_1_305' title='bbox 918 4342 984 4350; x_wconf 89' lang='lat'>—</span> <span class='ocrx_word' id='word_1_306' title='bbox 1023 4311 1088 4364; x_wconf 88' lang='lat' dir='ltr'>cf.</span> <span class='ocrx_word' id='word_1_307' title='bbox 1128 4312 1195 4364; x_wconf 92' lang='lat' dir='ltr'>H.</span> <span class='ocrx_word' id='word_1_308' title='bbox 1233 4311 1353 4364; x_wconf 93' lang='lat' dir='ltr'><strong>IIII.</strong></span> <span class='ocrx_word' id='word_1_309' title='bbox 1392 4323 1444 4380; x_wconf 66' lang='lat' dir='ltr'>p:</span> <span class='ocrx_word' id='word_1_310' title='bbox 1482 4315 1514 4364; x_wconf 83' lang='lat'>5</span> <span class='ocrx_word' id='word_1_311' title='bbox 1531 4315 1627 4366; x_wconf 89' lang='grc'>88.</span> <span class='ocrx_word' id='word_1_312' title='bbox 1665 4314 1808 4366; x_wconf 82' lang='lat' dir='ltr'>Pott.</span> <span class='ocrx_word' id='word_1_313' title='bbox 1847 4314 1882 4366; x_wconf 91' lang='lat' dir='ltr'>l.</span> <span class='ocrx_word' id='word_1_314' title='bbox 1922 4331 1966 4368; x_wconf 95' lang='lat' dir='ltr'>c.</span> <span class='ocrx_word' id='word_1_315' title='bbox 2003 4331 2056 4382; x_wconf 93' lang='lat' dir='ltr'>p.</span> <span class='ocrx_word' id='word_1_316' title='bbox 2096 4317 2235 4368; x_wconf 84' lang='grc'>535.</span> <span class='ocrx_word' id='word_1_317' title='bbox 2267 4345 2330 4356; x_wconf 81' lang='lat'><em>-</em></span> 
     </span>
    </p>
   </div>
  </div>
 </body>
</html>
