<?xml version="1.0" encoding="UTF-8"?>
<!DOCTYPE html PUBLIC "-//W3C//DTD XHTML 1.0 Transitional//EN"
    "http://www.w3.org/TR/xhtml1/DTD/xhtml1-transitional.dtd">
<html xmlns="http://www.w3.org/1999/xhtml" xml:lang="en" lang="en">
 <head>
  <title>
</title>
<meta http-equiv="Content-Type" content="text/html;charset=utf-8" />
  <meta name='ocr-system' content='tesseract 3.04.00' />
  <meta name='ocr-capabilities' content='ocr_page ocr_carea ocr_par ocr_line ocrx_word'/>
</head>
<body>
  <div class='ocr_page' id='page_1' title='image "./depraepositionu00kraugoog_0041.png"; bbox 0 0 3400 5317; ppageno 0'>
   <div class='ocr_carea' id='block_1_1' title="bbox 1397 702 1825 767">
    <p class='ocr_par' dir='ltr' id='par_1_1' title="bbox 1397 702 1825 767">
     <span class='ocr_line' id='line_1_1' title="bbox 1397 702 1825 767; baseline -0.002 -16"><span class='ocrx_word' id='word_1_1' title='bbox 1397 702 1825 767; x_wconf 64' lang='lat'>..23—</span> 
     </span>
    </p>
   </div>
   <div class='ocr_carea' id='block_1_2' title="bbox 550 894 2641 3320">
    <p class='ocr_par' dir='ltr' id='par_1_2' title="bbox 550 894 2641 3320">
     <span class='ocr_line' id='line_1_2' title="bbox 563 894 2641 978; baseline 0.001 -23"><span class='ocrx_word' id='word_1_2' title='bbox 563 894 622 970; x_wconf 86' lang='lat'>5,</span> <span class='ocrx_word' id='word_1_3' title='bbox 675 896 745 956; x_wconf 91' lang='lat' dir='ltr'>l:</span> <span class='ocrx_word' id='word_1_4' title='bbox 799 914 909 977; x_wconf 90' lang='lat' dir='ltr'>per</span> <span class='ocrx_word' id='word_1_5' title='bbox 955 896 1166 958; x_wconf 85' lang='lat' dir='ltr'>orbem</span> <span class='ocrx_word' id='word_1_6' title='bbox 1211 897 1520 959; x_wconf 64' lang='lat' dir='ltr'>‘serrarum</span> <span class='ocrx_word' id='word_1_7' title='bbox 1564 896 1704 977; x_wconf 86' lang='lat' dir='ltr'>paci</span> <span class='ocrx_word' id='word_1_8' title='bbox 1747 916 1997 978; x_wconf 89' lang='lat' dir='ltr'>operam</span> <span class='ocrx_word' id='word_1_9' title='bbox 2042 896 2343 971; x_wconf 43' lang='lat' dir='ltr'>intendi&amp;</span> <span class='ocrx_word' id='word_1_10' title='bbox 2395 934 2472 941; x_wconf 93' lang='lat'>—</span> <span class='ocrx_word' id='word_1_11' title='bbox 2524 897 2557 958; x_wconf 88' lang='lat'>1</span> <span class='ocrx_word' id='word_1_12' title='bbox 2581 898 2641 973; x_wconf 86' lang='lat'>2,</span> 
     </span>
     <span class='ocr_line' id='line_1_3' title="bbox 562 1005 2632 1090; baseline 0.002 -23"><span class='ocrx_word' id='word_1_13' title='bbox 562 1005 637 1067; x_wconf 85' lang='lat'>5:</span> <span class='ocrx_word' id='word_1_14' title='bbox 689 1006 947 1087; x_wconf 75' lang='lat' dir='ltr'>spatiari</span> <span class='ocrx_word' id='word_1_15' title='bbox 1007 1026 1117 1088; x_wconf 87' lang='lat' dir='ltr'>per</span> <span class='ocrx_word' id='word_1_16' title='bbox 1176 1006 1497 1071; x_wconf 86' lang='lat' dir='ltr'>uiridiaria</span> <span class='ocrx_word' id='word_1_17' title='bbox 1560 1009 1803 1090; x_wconf 79' lang='lat' dir='ltr'>(eontra</span> <span class='ocrx_word' id='word_1_18' title='bbox 1844 1007 1987 1071; x_wconf 90' lang='lat' dir='ltr'>Hel.</span> <span class='ocrx_word' id='word_1_19' title='bbox 2036 1009 2095 1085; x_wconf 85' lang='lat'>3,</span> <span class='ocrx_word' id='word_1_20' title='bbox 2144 1008 2218 1069; x_wconf 88' lang='lat'>4:</span> <span class='ocrx_word' id='word_1_21' title='bbox 2273 1008 2339 1069; x_wconf 90' lang='lat' dir='ltr'>in</span> <span class='ocrx_word' id='word_1_22' title='bbox 2381 1008 2632 1071; x_wconf 76' lang='lat' dir='ltr'>hortulo</span> 
     </span>
     <span class='ocr_line' id='line_1_4' title="bbox 563 1116 2640 1201; baseline 0 -21"><span class='ocrx_word' id='word_1_23' title='bbox 563 1116 716 1199; x_wconf 87' lang='lat' dir='ltr'>sp.);</span> <span class='ocrx_word' id='word_1_24' title='bbox 752 1155 833 1162; x_wconf 95' lang='lat'>—-</span> <span class='ocrx_word' id='word_1_25' title='bbox 864 1118 1058 1181; x_wconf 85' lang='lat' dir='ltr'>Hadr.</span> <span class='ocrx_word' id='word_1_26' title='bbox 1109 1122 1141 1181; x_wconf 93' lang='lat'>1</span> <span class='ocrx_word' id='word_1_27' title='bbox 1166 1121 1224 1195; x_wconf 88' lang='grc'>9,</span> <span class='ocrx_word' id='word_1_28' title='bbox 1275 1121 1306 1181; x_wconf 94' lang='grc'>1</span> <span class='ocrx_word' id='word_1_29' title='bbox 1334 1142 1349 1182; x_wconf 91' lang='lat'>:</span> <span class='ocrx_word' id='word_1_30' title='bbox 1396 1138 1506 1201; x_wconf 87' lang='lat' dir='ltr'>per</span> <span class='ocrx_word' id='word_1_31' title='bbox 1537 1119 1737 1183; x_wconf 77' lang='lat' dir='ltr'>latina</span> <span class='ocrx_word' id='word_1_32' title='bbox 1768 1118 1993 1201; x_wconf 85' lang='lat' dir='ltr'>oppida</span> <span class='ocrx_word' id='word_1_33' title='bbox 2023 1118 2288 1185; x_wconf 75' lang='lat' dir='ltr'>dictator</span> <span class='ocrx_word' id='word_1_34' title='bbox 2326 1121 2391 1183; x_wconf 91' lang='grc'>013</span> <span class='ocrx_word' id='word_1_35' title='bbox 2420 1120 2640 1183; x_wconf 86' lang='lat' dir='ltr'>aedilis</span> 
     </span>
     <span class='ocr_line' id='line_1_5' title="bbox 563 1230 2637 1313; baseline 0 -19"><span class='ocrx_word' id='word_1_36' title='bbox 563 1232 627 1293; x_wconf 90' lang='grc'>013</span> <span class='ocrx_word' id='word_1_37' title='bbox 673 1230 971 1294; x_wconf 89' lang='lat' dir='ltr'>duumuir</span> <span class='ocrx_word' id='word_1_38' title='bbox 1016 1230 1173 1305; x_wconf 79' lang='lat' dir='ltr'>fuit;</span> <span class='ocrx_word' id='word_1_39' title='bbox 1222 1268 1301 1277; x_wconf 93' lang='lat'><strong>—</strong></span> <span class='ocrx_word' id='word_1_40' title='bbox 1347 1232 1542 1295; x_wconf 88' lang='lat' dir='ltr'>Mare.</span> <span class='ocrx_word' id='word_1_41' title='bbox 1591 1234 1651 1309; x_wconf 86' lang='lat'>9,</span> <span class='ocrx_word' id='word_1_42' title='bbox 1699 1233 1772 1294; x_wconf 83' lang='lat'>8:</span> <span class='ocrx_word' id='word_1_43' title='bbox 1834 1251 1946 1313; x_wconf 87' lang='lat' dir='ltr'>per</span> <span class='ocrx_word' id='word_1_44' title='bbox 1991 1230 2343 1313; x_wconf 83' lang='lat' dir='ltr'>prouincias</span> <span class='ocrx_word' id='word_1_45' title='bbox 2388 1232 2637 1296; x_wconf 77' lang='lat' dir='ltr'>tabula-</span> 
     </span>
     <span class='ocr_line' id='line_1_6' title="bbox 559 1342 2627 1421; baseline 0 -16"><span class='ocrx_word' id='word_1_46' title='bbox 559 1342 798 1406; x_wconf 86' lang='lat' dir='ltr'>riorum</span> <span class='ocrx_word' id='word_1_47' title='bbox 845 1362 1034 1406; x_wconf 88' lang='lat' dir='ltr'>usum</span> <span class='ocrx_word' id='word_1_48' title='bbox 1063 1342 1376 1417; x_wconf 75' lang='lat' dir='ltr'>instituit:</span> <span class='ocrx_word' id='word_1_49' title='bbox 1407 1380 1492 1389; x_wconf 90' lang='lat'>——-</span> <span class='ocrx_word' id='word_1_50' title='bbox 1523 1344 1718 1407; x_wconf 84' lang='lat' dir='ltr'>Maro.</span> <span class='ocrx_word' id='word_1_51' title='bbox 1766 1345 1883 1421; x_wconf 84' lang='lat'>21,</span> <span class='ocrx_word' id='word_1_52' title='bbox 1929 1345 1967 1406; x_wconf 85' lang='lat'>2</span> <span class='ocrx_word' id='word_1_53' title='bbox 2002 1370 2087 1398; x_wconf 86' lang='lat'>=</span> <span class='ocrx_word' id='word_1_54' title='bbox 2117 1342 2290 1407; x_wconf 70' lang='lat' dir='ltr'>Cass</span> <span class='ocrx_word' id='word_1_55' title='bbox 2325 1345 2383 1419; x_wconf 86' lang='lat'>6,</span> <span class='ocrx_word' id='word_1_56' title='bbox 2435 1344 2507 1417; x_wconf 88' lang='lat'>7;</span> <span class='ocrx_word' id='word_1_57' title='bbox 2556 1380 2627 1389; x_wconf 90' lang='lat'>-</span> 
     </span>
     <span class='ocr_line' id='line_1_7' title="bbox 561 1456 2639 1539; baseline 0.001 -21"><span class='ocrx_word' id='word_1_58' title='bbox 561 1456 712 1519; x_wconf 91' lang='lat' dir='ltr'>Pius</span> <span class='ocrx_word' id='word_1_59' title='bbox 761 1457 793 1518; x_wconf 89' lang='lat'>1</span> <span class='ocrx_word' id='word_1_60' title='bbox 822 1457 880 1534; x_wconf 93' lang='grc'>1,</span> <span class='ocrx_word' id='word_1_61' title='bbox 930 1458 1003 1519; x_wconf 88' lang='lat'>3:</span> <span class='ocrx_word' id='word_1_62' title='bbox 1052 1456 1445 1538; x_wconf 89' lang='lat' dir='ltr'>philosophis</span> <span class='ocrx_word' id='word_1_63' title='bbox 1475 1475 1586 1539; x_wconf 87' lang='lat' dir='ltr'>per</span> <span class='ocrx_word' id='word_1_64' title='bbox 1617 1475 1833 1520; x_wconf 89' lang='lat' dir='ltr'>omnes</span> <span class='ocrx_word' id='word_1_65' title='bbox 1865 1456 2217 1538; x_wconf 82' lang='lat' dir='ltr'>prouincias</span> <span class='ocrx_word' id='word_1_66' title='bbox 2260 1456 2486 1519; x_wconf 87' lang='lat' dir='ltr'>salaria</span> <span class='ocrx_word' id='word_1_67' title='bbox 2531 1458 2639 1520; x_wconf 88' lang='lat' dir='ltr'>de-</span> 
     </span>
     <span class='ocr_line' id='line_1_8' title="bbox 559 1568 2636 1651; baseline 0 -20"><span class='ocrx_word' id='word_1_68' title='bbox 559 1568 746 1644; x_wconf 77' lang='lat' dir='ltr'>tulit:</span> <span class='ocrx_word' id='word_1_69' title='bbox 781 1606 861 1615; x_wconf 94' lang='lat'>—</span> <span class='ocrx_word' id='word_1_70' title='bbox 895 1569 1134 1634; x_wconf 84' lang='lat' dir='ltr'>Comm.</span> <span class='ocrx_word' id='word_1_71' title='bbox 1171 1571 1230 1646; x_wconf 88' lang='lat'>5,</span> <span class='ocrx_word' id='word_1_72' title='bbox 1266 1571 1297 1632; x_wconf 93' lang='grc'>1</span> <span class='ocrx_word' id='word_1_73' title='bbox 1325 1571 1399 1633; x_wconf 82' lang='grc'>3;</span> <span class='ocrx_word' id='word_1_74' title='bbox 1447 1570 1738 1633; x_wconf 87' lang='lat' dir='ltr'>nonnulli</span> <span class='ocrx_word' id='word_1_75' title='bbox 1766 1589 1878 1651; x_wconf 87' lang='lat' dir='ltr'>per</span> <span class='ocrx_word' id='word_1_76' title='bbox 1906 1569 2259 1651; x_wconf 78' lang='lat' dir='ltr'>prouincias</span> <span class='ocrx_word' id='word_1_77' title='bbox 2293 1590 2329 1633; x_wconf 87' lang='lat' dir='ltr'>a</span> <span class='ocrx_word' id='word_1_78' title='bbox 2366 1570 2636 1633; x_wconf 84' lang='lat' dir='ltr'>Perenni</span> 
     </span>
     <span class='ocr_line' id='line_1_9' title="bbox 559 1681 2636 1765; baseline 0 -22"><span class='ocrx_word' id='word_1_79' title='bbox 559 1681 808 1762; x_wconf 76' lang='lat' dir='ltr'>spoliati</span> <span class='ocrx_word' id='word_1_80' title='bbox 870 1684 1050 1757; x_wconf 76' lang='lat' dir='ltr'>sunt:</span> <span class='ocrx_word' id='word_1_81' title='bbox 1100 1685 1158 1762; x_wconf 83' lang='lat'>6,</span> <span class='ocrx_word' id='word_1_82' title='bbox 1211 1684 1282 1759; x_wconf 84' lang='lat'>73</span> <span class='ocrx_word' id='word_1_83' title='bbox 1333 1686 1392 1762; x_wconf 85' lang='lat'>6,</span> <span class='ocrx_word' id='word_1_84' title='bbox 1455 1686 1529 1759; x_wconf 80' lang='lat'>93</span> <span class='ocrx_word' id='word_1_85' title='bbox 1582 1719 1657 1729; x_wconf 95' lang='lat'>—</span> <span class='ocrx_word' id='word_1_86' title='bbox 1708 1683 1954 1765; x_wconf 85' lang='lat' dir='ltr'>Heliog.</span> <span class='ocrx_word' id='word_1_87' title='bbox 2014 1685 2071 1760; x_wconf 91' lang='grc'>6,</span> <span class='ocrx_word' id='word_1_88' title='bbox 2134 1683 2204 1745; x_wconf 89' lang='lat'>7:</span> <span class='ocrx_word' id='word_1_89' title='bbox 2267 1701 2377 1764; x_wconf 86' lang='lat' dir='ltr'>per</span> <span class='ocrx_word' id='word_1_90' title='bbox 2422 1681 2636 1745; x_wconf 88' lang='lat' dir='ltr'>orbem</span> 
     </span>
     <span class='ocr_line' id='line_1_10' title="bbox 558 1794 2636 1878; baseline 0 -21"><span class='ocrx_word' id='word_1_91' title='bbox 558 1794 758 1857; x_wconf 74' lang='lat' dir='ltr'>terrae</span> <span class='ocrx_word' id='word_1_92' title='bbox 805 1796 878 1858; x_wconf 76' lang='lat' dir='ltr'>ut</span> <span class='ocrx_word' id='word_1_93' title='bbox 924 1795 1076 1859; x_wconf 85' lang='lat' dir='ltr'>deus</span> <span class='ocrx_word' id='word_1_94' title='bbox 1138 1796 1368 1878; x_wconf 88' lang='lat' dir='ltr'>ubique</span> <span class='ocrx_word' id='word_1_95' title='bbox 1415 1796 1753 1872; x_wconf 74' lang='lat' dir='ltr'>coleretur:</span> <span class='ocrx_word' id='word_1_96' title='bbox 1804 1797 1862 1873; x_wconf 83' lang='lat'>8,</span> <span class='ocrx_word' id='word_1_97' title='bbox 1928 1798 1995 1859; x_wconf 87' lang='lat'>1:</span> <span class='ocrx_word' id='word_1_98' title='bbox 2043 1794 2227 1860; x_wconf 71' lang='lat' dir='ltr'>lectis</span> <span class='ocrx_word' id='word_1_99' title='bbox 2272 1795 2481 1877; x_wconf 87' lang='lat' dir='ltr'>pueris</span> <span class='ocrx_word' id='word_1_100' title='bbox 2527 1814 2636 1875; x_wconf 88' lang='lat' dir='ltr'>per</span> 
     </span>
     <span class='ocr_line' id='line_1_11' title="bbox 559 1906 2633 1991; baseline 0 -23"><span class='ocrx_word' id='word_1_101' title='bbox 559 1925 809 1970; x_wconf 91' lang='lat' dir='ltr'>omnem</span> <span class='ocrx_word' id='word_1_102' title='bbox 872 1907 1157 1982; x_wconf 75' lang='lat' dir='ltr'>Italiam:</span> <span class='ocrx_word' id='word_1_103' title='bbox 1227 1909 1345 1985; x_wconf 84' lang='lat'>20,</span> <span class='ocrx_word' id='word_1_104' title='bbox 1415 1910 1492 1972; x_wconf 81' lang='lat'>2:</span> <span class='ocrx_word' id='word_1_105' title='bbox 1560 1926 1670 1990; x_wconf 88' lang='lat' dir='ltr'>per</span> <span class='ocrx_word' id='word_1_106' title='bbox 1746 1907 2028 1991; x_wconf 88' lang='lat' dir='ltr'>singulas</span> <span class='ocrx_word' id='word_1_107' title='bbox 2095 1907 2269 1970; x_wconf 90' lang='lat' dir='ltr'>urbis</span> <span class='ocrx_word' id='word_1_108' title='bbox 2350 1906 2633 1990; x_wconf 79' lang='lat' dir='ltr'>regiones</span> 
     </span>
     <span class='ocr_line' id='line_1_12' title="bbox 563 2018 2629 2100; baseline -0 -18"><span class='ocrx_word' id='word_1_109' title='bbox 563 2018 908 2100; x_wconf 76' lang='lat' dir='ltr'>praefectos</span> <span class='ocrx_word' id='word_1_110' title='bbox 973 2018 1210 2094; x_wconf 82' lang='lat' dir='ltr'>faoere;</span> <span class='ocrx_word' id='word_1_111' title='bbox 1257 2019 1440 2083; x_wconf 82' lang='lat' dir='ltr'>Proh.</span> <span class='ocrx_word' id='word_1_112' title='bbox 1504 2020 1619 2097; x_wconf 91' lang='grc'>22,</span> <span class='ocrx_word' id='word_1_113' title='bbox 1681 2020 1755 2095; x_wconf 88' lang='grc'>2;</span> <span class='ocrx_word' id='word_1_114' title='bbox 1802 2056 1890 2065; x_wconf 95' lang='grc'>-</span> <span class='ocrx_word' id='word_1_115' title='bbox 1936 2021 2052 2097; x_wconf 89' lang='grc'>14,</span> <span class='ocrx_word' id='word_1_116' title='bbox 2117 2020 2187 2082; x_wconf 85' lang='grc'>7;</span> <span class='ocrx_word' id='word_1_117' title='bbox 2232 2018 2465 2081; x_wconf 76' lang='lat' dir='ltr'>tirones</span> <span class='ocrx_word' id='word_1_118' title='bbox 2518 2038 2629 2099; x_wconf 86' lang='lat' dir='ltr'>per</span> 
     </span>
     <span class='ocr_line' id='line_1_13' title="bbox 560 2129 2625 2213; baseline -0 -19"><span class='ocrx_word' id='word_1_119' title='bbox 560 2130 840 2195; x_wconf 88' lang='lat' dir='ltr'>diuersas</span> <span class='ocrx_word' id='word_1_120' title='bbox 900 2131 1255 2213; x_wconf 86' lang='lat' dir='ltr'>prouincias</span> <span class='ocrx_word' id='word_1_121' title='bbox 1312 2132 1575 2213; x_wconf 72' lang='lat' dir='ltr'>sparsit:</span> <span class='ocrx_word' id='word_1_122' title='bbox 1625 2131 1843 2197; x_wconf 87' lang='lat' dir='ltr'>Claud.</span> <span class='ocrx_word' id='word_1_123' title='bbox 1880 2133 1911 2194; x_wconf 90' lang='lat'>1</span> <span class='ocrx_word' id='word_1_124' title='bbox 1935 2133 1994 2210; x_wconf 86' lang='lat'>5,</span> <span class='ocrx_word' id='word_1_125' title='bbox 2031 2133 2107 2207; x_wconf 88' lang='lat'>4;</span> <span class='ocrx_word' id='word_1_126' title='bbox 2135 2167 2215 2176; x_wconf 90' lang='lat'>——</span> <span class='ocrx_word' id='word_1_127' title='bbox 2262 2130 2365 2194; x_wconf 90' lang='lat' dir='ltr'>Al.</span> <span class='ocrx_word' id='word_1_128' title='bbox 2414 2129 2625 2194; x_wconf 86' lang='lat' dir='ltr'>Seuer.</span> 
     </span>
     <span class='ocr_line' id='line_1_14' title="bbox 557 2243 2629 2327; baseline 0 -23"><span class='ocrx_word' id='word_1_129' title='bbox 557 2243 674 2317; x_wconf 87' lang='grc'>47,</span> <span class='ocrx_word' id='word_1_130' title='bbox 736 2245 812 2306; x_wconf 79' lang='grc' dir='ltr'>2τ</span> <span class='ocrx_word' id='word_1_131' title='bbox 860 2244 1169 2327; x_wconf 55' lang='grc' dir='ltr'>ι1110113011113</span> <span class='ocrx_word' id='word_1_132' title='bbox 1234 2263 1346 2325; x_wconf 87' lang='lat' dir='ltr'>per</span> <span class='ocrx_word' id='word_1_133' title='bbox 1404 2244 1672 2309; x_wconf 76' lang='lat' dir='ltr'>tentoria</span> <span class='ocrx_word' id='word_1_134' title='bbox 1732 2244 2003 2320; x_wconf 76' lang='lat' dir='ltr'>milites:</span> <span class='ocrx_word' id='word_1_135' title='bbox 2064 2244 2181 2322; x_wconf 90' lang='grc'>47,</span> <span class='ocrx_word' id='word_1_136' title='bbox 2230 2244 2303 2318; x_wconf 88' lang='grc'>3;</span> <span class='ocrx_word' id='word_1_137' title='bbox 2366 2244 2485 2319; x_wconf 89' lang='grc'>55,</span> <span class='ocrx_word' id='word_1_138' title='bbox 2550 2245 2629 2318; x_wconf 89' lang='grc'>2;</span> 
     </span>
     <span class='ocr_line' id='line_1_15' title="bbox 563 2355 2626 2439; baseline 0 -21"><span class='ocrx_word' id='word_1_139' title='bbox 563 2392 640 2399; x_wconf 92' lang='grc'>-</span> <span class='ocrx_word' id='word_1_140' title='bbox 691 2355 856 2420; x_wconf 85' lang='lat' dir='ltr'>Flor.</span> <span class='ocrx_word' id='word_1_141' title='bbox 923 2357 954 2418; x_wconf 90' lang='lat'>1</span> <span class='ocrx_word' id='word_1_142' title='bbox 979 2357 1038 2435; x_wconf 92' lang='grc'>5,</span> <span class='ocrx_word' id='word_1_143' title='bbox 1087 2358 1162 2419; x_wconf 83' lang='grc'>2;</span> <span class='ocrx_word' id='word_1_144' title='bbox 1226 2356 1611 2439; x_wconf 79' lang='lat' dir='ltr'>(imperator)</span> <span class='ocrx_word' id='word_1_145' title='bbox 1671 2375 1783 2438; x_wconf 89' lang='lat' dir='ltr'>per</span> <span class='ocrx_word' id='word_1_146' title='bbox 1853 2376 2101 2421; x_wconf 86' lang='lat' dir='ltr'>omnem</span> <span class='ocrx_word' id='word_1_147' title='bbox 2160 2355 2440 2419; x_wconf 82' lang='lat' dir='ltr'>Africam</span> <span class='ocrx_word' id='word_1_148' title='bbox 2486 2355 2626 2419; x_wconf 87' lang='lat' dir='ltr'>bar-</span> 
     </span>
     <span class='ocr_line' id='line_1_16' title="bbox 556 2467 2630 2551; baseline 0 -21"><span class='ocrx_word' id='word_1_149' title='bbox 556 2467 776 2531; x_wconf 90' lang='lat' dir='ltr'>barum</span> <span class='ocrx_word' id='word_1_150' title='bbox 808 2487 932 2532; x_wconf 91' lang='lat' dir='ltr'>non</span> <span class='ocrx_word' id='word_1_151' title='bbox 973 2468 1325 2551; x_wconf 78' lang='lat' dir='ltr'>relinquat:</span> <span class='ocrx_word' id='word_1_152' title='bbox 1375 2506 1456 2515; x_wconf 91' lang='lat'>--</span> <span class='ocrx_word' id='word_1_153' title='bbox 1519 2468 1702 2532; x_wconf 88' lang='lat' dir='ltr'>Prob.</span> <span class='ocrx_word' id='word_1_154' title='bbox 1739 2470 1770 2531; x_wconf 90' lang='lat'>1</span> <span class='ocrx_word' id='word_1_155' title='bbox 1796 2470 1855 2546; x_wconf 86' lang='lat'>3,</span> <span class='ocrx_word' id='word_1_156' title='bbox 1904 2470 1979 2532; x_wconf 81' lang='lat'>6:</span> <span class='ocrx_word' id='word_1_157' title='bbox 2042 2488 2077 2532; x_wconf 94' lang='lat' dir='ltr'>a</span> <span class='ocrx_word' id='word_1_158' title='bbox 2128 2468 2409 2532; x_wconf 86' lang='lat' dir='ltr'>barbaris</span> <span class='ocrx_word' id='word_1_159' title='bbox 2456 2487 2630 2531; x_wconf 85' lang='lat' dir='ltr'>sexa-</span> 
     </span>
     <span class='ocr_line' id='line_1_17' title="bbox 553 2579 2621 2664; baseline 0 -21"><span class='ocrx_word' id='word_1_160' title='bbox 553 2580 732 2664; x_wconf 75' lang='lat' dir='ltr'>ginta</span> <span class='ocrx_word' id='word_1_161' title='bbox 780 2598 890 2662; x_wconf 89' lang='lat' dir='ltr'>per</span> <span class='ocrx_word' id='word_1_162' title='bbox 929 2580 1173 2645; x_wconf 83' lang='lat' dir='ltr'>Gallias</span> <span class='ocrx_word' id='word_1_163' title='bbox 1214 2580 1638 2645; x_wconf 89' lang='lat' dir='ltr'>nobilissimas</span> <span class='ocrx_word' id='word_1_164' title='bbox 1669 2580 1911 2662; x_wconf 76' lang='lat' dir='ltr'>recepis</span> <span class='ocrx_word' id='word_1_165' title='bbox 1943 2580 2265 2656; x_wconf 54' lang='lat' dir='ltr'>ciuitatem</span> <span class='ocrx_word' id='word_1_166' title='bbox 2300 2617 2377 2653; x_wconf 66' lang='lat'>-,-—</span> <span class='ocrx_word' id='word_1_167' title='bbox 2413 2579 2621 2645; x_wconf 87' lang='lat' dir='ltr'>Seuer.</span> 
     </span>
     <span class='ocr_line' id='line_1_18' title="bbox 558 2692 2629 2777; baseline 0.001 -24"><span class='ocrx_word' id='word_1_168' title='bbox 558 2693 672 2769; x_wconf 91' lang='grc'>12,</span> <span class='ocrx_word' id='word_1_169' title='bbox 721 2694 795 2756; x_wconf 86' lang='grc'>3;</span> <span class='ocrx_word' id='word_1_170' title='bbox 830 2713 973 2757; x_wconf 88' lang='grc'>011111</span> <span class='ocrx_word' id='word_1_171' title='bbox 1006 2712 1301 2777; x_wconf 82' lang='lat' dir='ltr'>magnam</span> <span class='ocrx_word' id='word_1_172' title='bbox 1345 2696 1587 2775; x_wconf 75' lang='lat' dir='ltr'>partem</span> <span class='ocrx_word' id='word_1_173' title='bbox 1635 2694 1771 2756; x_wconf 90' lang='lat' dir='ltr'>auri</span> <span class='ocrx_word' id='word_1_174' title='bbox 1814 2712 1924 2775; x_wconf 89' lang='lat' dir='ltr'>per</span> <span class='ocrx_word' id='word_1_175' title='bbox 1955 2692 2196 2758; x_wconf 83' lang='lat' dir='ltr'>Gallias</span> <span class='ocrx_word' id='word_1_176' title='bbox 2230 2712 2341 2774; x_wconf 87' lang='lat' dir='ltr'>per</span> <span class='ocrx_word' id='word_1_177' title='bbox 2372 2692 2629 2756; x_wconf 68' lang='lat' dir='ltr'>Issaliam</span> 
     </span>
     <span class='ocr_line' id='line_1_19' title="bbox 556 2804 2624 2888; baseline 0 -21"><span class='ocrx_word' id='word_1_178' title='bbox 556 2824 663 2887; x_wconf 92' lang='lat' dir='ltr'>per</span> <span class='ocrx_word' id='word_1_179' title='bbox 708 2804 1086 2887; x_wconf 83' lang='lat' dir='ltr'>Hispaniam</span> <span class='ocrx_word' id='word_1_180' title='bbox 1130 2804 1467 2888; x_wconf 83' lang='lat' dir='ltr'>imperator</span> <span class='ocrx_word' id='word_1_181' title='bbox 1529 2806 1820 2881; x_wconf 73' lang='lat' dir='ltr'>fecisset:</span> <span class='ocrx_word' id='word_1_182' title='bbox 1888 2807 1919 2868; x_wconf 90' lang='lat'>1</span> <span class='ocrx_word' id='word_1_183' title='bbox 1945 2808 2004 2883; x_wconf 84' lang='lat'>3,</span> <span class='ocrx_word' id='word_1_184' title='bbox 2053 2806 2127 2880; x_wconf 88' lang='grc'>5;</span> <span class='ocrx_word' id='word_1_185' title='bbox 2172 2806 2336 2869; x_wconf 87' lang='lat' dir='ltr'>Max.</span> <span class='ocrx_word' id='word_1_186' title='bbox 2385 2806 2503 2882; x_wconf 83' lang='lat'>23,</span> <span class='ocrx_word' id='word_1_187' title='bbox 2554 2808 2624 2881; x_wconf 91' lang='grc'>2;</span> 
     </span>
     <span class='ocr_line' id='line_1_20' title="bbox 554 2918 2624 2995; baseline 0 -16"><span class='ocrx_word' id='word_1_188' title='bbox 554 2918 671 2993; x_wconf 91' lang='grc'>24,</span> <span class='ocrx_word' id='word_1_189' title='bbox 720 2919 795 2991; x_wconf 91' lang='grc'>6;</span> <span class='ocrx_word' id='word_1_190' title='bbox 872 2918 990 2995; x_wconf 92' lang='grc'>24,</span> <span class='ocrx_word' id='word_1_191' title='bbox 1048 2919 1120 2993; x_wconf 87' lang='grc'>7;</span> <span class='ocrx_word' id='word_1_192' title='bbox 1199 2920 1315 2990; x_wconf 85' lang='grc'>26,</span> <span class='ocrx_word' id='word_1_193' title='bbox 1361 2920 1436 2994; x_wconf 87' lang='grc'>6;</span> <span class='ocrx_word' id='word_1_194' title='bbox 1496 2954 1553 2963; x_wconf 81' lang='lat'>--</span> <span class='ocrx_word' id='word_1_195' title='bbox 1615 2918 1802 2983; x_wconf 82' lang='lat' dir='ltr'>Gord.</span> <span class='ocrx_word' id='word_1_196' title='bbox 1864 2919 1983 2995; x_wconf 82' lang='lat'>26,</span> <span class='ocrx_word' id='word_1_197' title='bbox 2047 2920 2119 2993; x_wconf 91' lang='grc'>1;</span> <span class='ocrx_word' id='word_1_198' title='bbox 2178 2918 2343 2981; x_wconf 85' lang='lat' dir='ltr'>Max.</span> <span class='ocrx_word' id='word_1_199' title='bbox 2408 2919 2487 2980; x_wconf 86' lang='grc'>013.</span> <span class='ocrx_word' id='word_1_200' title='bbox 2551 2919 2624 2981; x_wconf 89' lang='grc' dir='ltr'>Β.</span> 
     </span>
     <span class='ocr_line' id='line_1_21' title="bbox 553 3028 2625 3112; baseline 0 -22"><span class='ocrx_word' id='word_1_201' title='bbox 553 3029 668 3106; x_wconf 91' lang='grc'>10,</span> <span class='ocrx_word' id='word_1_202' title='bbox 732 3030 804 3104; x_wconf 87' lang='grc'>1;</span> <span class='ocrx_word' id='word_1_203' title='bbox 858 3029 971 3106; x_wconf 89' lang='grc'>17,</span> <span class='ocrx_word' id='word_1_204' title='bbox 1021 3031 1094 3094; x_wconf 71' lang='grc'>61</span> <span class='ocrx_word' id='word_1_205' title='bbox 1166 3029 1446 3094; x_wconf 80' lang='lat' dir='ltr'>dimissis</span> <span class='ocrx_word' id='word_1_206' title='bbox 1506 3050 1616 3112; x_wconf 88' lang='lat' dir='ltr'>per</span> <span class='ocrx_word' id='word_1_207' title='bbox 1660 3029 2018 3112; x_wconf 78' lang='lat' dir='ltr'>prouincias</span> <span class='ocrx_word' id='word_1_208' title='bbox 2066 3029 2483 3094; x_wconf 77' lang='lat' dir='ltr'>carnificibus,</span> <span class='ocrx_word' id='word_1_209' title='bbox 2546 3028 2625 3093; x_wconf 87' lang='lat' dir='ltr'>ef.</span> 
     </span>
     <span class='ocr_line' id='line_1_22' title="bbox 550 3140 2616 3226; baseline 0 -21"><span class='ocrx_word' id='word_1_210' title='bbox 550 3140 716 3205; x_wconf 90' lang='lat' dir='ltr'>Plin.</span> <span class='ocrx_word' id='word_1_211' title='bbox 766 3141 949 3224; x_wconf 77' lang='lat' dir='ltr'>epist.</span> <span class='ocrx_word' id='word_1_212' title='bbox 1009 3146 1072 3221; x_wconf 90' lang='lat'>4,</span> <span class='ocrx_word' id='word_1_213' title='bbox 1137 3144 1194 3220; x_wconf 89' lang='lat'>7,</span> <span class='ocrx_word' id='word_1_214' title='bbox 1257 3146 1332 3207; x_wconf 85' lang='lat'>2:</span> <span class='ocrx_word' id='word_1_215' title='bbox 1393 3143 1627 3208; x_wconf 88' lang='lat' dir='ltr'>librum</span> <span class='ocrx_word' id='word_1_216' title='bbox 1687 3162 1798 3226; x_wconf 88' lang='lat' dir='ltr'>per</span> <span class='ocrx_word' id='word_1_217' title='bbox 1858 3145 2051 3207; x_wconf 76' lang='lat' dir='ltr'>totam</span> <span class='ocrx_word' id='word_1_218' title='bbox 2114 3143 2370 3207; x_wconf 75' lang='lat' dir='ltr'>Italiam</span> <span class='ocrx_word' id='word_1_219' title='bbox 2432 3142 2489 3206; x_wconf 89' lang='lat' dir='ltr'>d.</span> <span class='ocrx_word' id='word_1_220' title='bbox 2541 3179 2616 3188; x_wconf 94' lang='lat'>—</span> 
     </span>
     <span class='ocr_line' id='line_1_23' title="bbox 550 3252 1356 3320; baseline 0.004 -4"><span class='ocrx_word' id='word_1_221' title='bbox 550 3252 806 3318; x_wconf 75' lang='lat' dir='ltr'>Sueten.</span> <span class='ocrx_word' id='word_1_222' title='bbox 855 3255 1057 3320; x_wconf 83' lang='lat' dir='ltr'>Galba</span> <span class='ocrx_word' id='word_1_223' title='bbox 1105 3257 1205 3319; x_wconf 89' lang='lat'>10.</span> <span class='ocrx_word' id='word_1_224' title='bbox 1267 3293 1356 3301; x_wconf 89' lang='lat'>—</span> 
     </span>
    </p>
   </div>
   <div class='ocr_carea' id='block_1_3' title="bbox 545 3417 2628 3709">
    <p class='ocr_par' dir='ltr' id='par_1_3' title="bbox 545 3417 2628 3709">
     <span class='ocr_line' id='line_1_24' title="bbox 753 3417 2628 3502; baseline -0.002 -18"><span class='ocrx_word' id='word_1_225' title='bbox 753 3419 844 3484; x_wconf 81' lang='lat' dir='ltr'>H.</span> <span class='ocrx_word' id='word_1_226' title='bbox 913 3440 981 3502; x_wconf 86' lang='lat' dir='ltr'>p.</span> <span class='ocrx_word' id='word_1_227' title='bbox 1049 3418 1226 3501; x_wconf 82' lang='lat'>431,</span> <span class='ocrx_word' id='word_1_228' title='bbox 1299 3420 1341 3485; x_wconf 82' lang='lat'>4</span> <span class='ocrx_word' id='word_1_229' title='bbox 1399 3437 1500 3501; x_wconf 85' lang='lat' dir='ltr'>sq.</span> <span class='ocrx_word' id='word_1_230' title='bbox 1591 3420 1727 3485; x_wconf 85' lang='lat' dir='ltr'>Car.</span> <span class='ocrx_word' id='word_1_231' title='bbox 1778 3422 1837 3497; x_wconf 87' lang='lat'>6,</span> <span class='ocrx_word' id='word_1_232' title='bbox 1886 3420 1961 3483; x_wconf 88' lang='lat'>4:</span> <span class='ocrx_word' id='word_1_233' title='bbox 2024 3438 2133 3501; x_wconf 88' lang='lat' dir='ltr'>per</span> <span class='ocrx_word' id='word_1_234' title='bbox 2191 3417 2493 3483; x_wconf 85' lang='lat' dir='ltr'>Cadusios</span> <span class='ocrx_word' id='word_1_235' title='bbox 2564 3420 2628 3481; x_wconf 83' lang='grc'>013</span> 
     </span>
     <span class='ocr_line' id='line_1_25' title="bbox 547 3530 2625 3616; baseline -0 -21"><span class='ocrx_word' id='word_1_236' title='bbox 547 3531 927 3614; x_wconf 88' lang='lat' dir='ltr'>Babylonios</span> <span class='ocrx_word' id='word_1_237' title='bbox 959 3530 1315 3616; x_wconf 83' lang='lat' dir='ltr'>ingressus:</span> <span class='ocrx_word' id='word_1_238' title='bbox 1363 3570 1450 3581; x_wconf 87' lang='lat'>——</span> <span class='ocrx_word' id='word_1_239' title='bbox 1496 3531 1706 3597; x_wconf 88' lang='lat' dir='ltr'>Seuer.</span> <span class='ocrx_word' id='word_1_240' title='bbox 1757 3534 1871 3609; x_wconf 84' lang='lat'>18,</span> <span class='ocrx_word' id='word_1_241' title='bbox 1919 3534 1991 3595; x_wconf 84' lang='lat'>2:</span> <span class='ocrx_word' id='word_1_242' title='bbox 2037 3550 2215 3595; x_wconf 85' lang='lat' dir='ltr'>muro</span> <span class='ocrx_word' id='word_1_243' title='bbox 2261 3551 2372 3613; x_wconf 89' lang='lat' dir='ltr'>per</span> <span class='ocrx_word' id='word_1_244' title='bbox 2416 3533 2625 3595; x_wconf 77' lang='lat' dir='ltr'>trans-</span> 
     </span>
     <span class='ocr_line' id='line_1_26' title="bbox 545 3644 1508 3709; baseline 0 -2"><span class='ocrx_word' id='word_1_245' title='bbox 545 3664 792 3709; x_wconf 89' lang='lat' dir='ltr'>uersam</span> <span class='ocrx_word' id='word_1_246' title='bbox 838 3644 1114 3709; x_wconf 90' lang='lat' dir='ltr'>insulam</span> <span class='ocrx_word' id='word_1_247' title='bbox 1160 3644 1362 3709; x_wconf 83' lang='grc'>(1110130.</span> <span class='ocrx_word' id='word_1_248' title='bbox 1427 3683 1508 3691; x_wconf 87' lang='grc'>-</span> 
     </span>
    </p>
   </div>
   <div class='ocr_carea' id='block_1_4' title="bbox 539 3809 2622 4454">
    <p class='ocr_par' dir='ltr' id='par_1_4' title="bbox 539 3809 2622 4454">
     <span class='ocr_line' id='line_1_27' title="bbox 751 3809 2619 3894; baseline -0.003 -17"><span class='ocrx_word' id='word_1_249' title='bbox 751 3813 837 3877; x_wconf 82' lang='grc' dir='ltr'>Η.</span> <span class='ocrx_word' id='word_1_250' title='bbox 893 3809 1077 3893; x_wconf 82' lang='grc'>432,</span> <span class='ocrx_word' id='word_1_251' title='bbox 1127 3810 1186 3875; x_wconf 81' lang='lat'>5.</span> <span class='ocrx_word' id='word_1_252' title='bbox 1296 3809 1532 3874; x_wconf 86' lang='lat' dir='ltr'>Comm.</span> <span class='ocrx_word' id='word_1_253' title='bbox 1605 3811 1724 3888; x_wconf 88' lang='grc'>16,</span> <span class='ocrx_word' id='word_1_254' title='bbox 1795 3811 1868 3874; x_wconf 89' lang='lat'>7:</span> <span class='ocrx_word' id='word_1_255' title='bbox 1938 3809 2119 3894; x_wconf 88' lang='lat' dir='ltr'>galea</span> <span class='ocrx_word' id='word_1_256' title='bbox 2198 3828 2308 3891; x_wconf 88' lang='lat' dir='ltr'>per</span> <span class='ocrx_word' id='word_1_257' title='bbox 2375 3811 2619 3891; x_wconf 78' lang='lat' dir='ltr'>portam</span> 
     </span>
     <span class='ocr_line' id='line_1_28' title="bbox 544 3920 2622 3999; baseline -0.002 -10"><span class='ocrx_word' id='word_1_258' title='bbox 544 3923 1004 3989; x_wconf 79' lang='lat' dir='ltr'>Libitinensem</span> <span class='ocrx_word' id='word_1_259' title='bbox 1028 3922 1226 3998; x_wconf 72' lang='lat' dir='ltr'>elata:</span> <span class='ocrx_word' id='word_1_260' title='bbox 1259 3959 1334 3973; x_wconf 90' lang='lat'>—-</span> <span class='ocrx_word' id='word_1_261' title='bbox 1363 3922 1464 3985; x_wconf 86' lang='lat' dir='ltr'>Al.</span> <span class='ocrx_word' id='word_1_262' title='bbox 1493 3920 1633 3986; x_wconf 81' lang='lat' dir='ltr'>Seu,</span> <span class='ocrx_word' id='word_1_263' title='bbox 1659 3923 1697 3984; x_wconf 97' lang='grc'>2</span> <span class='ocrx_word' id='word_1_264' title='bbox 1719 3923 1779 3999; x_wconf 88' lang='grc'>3,</span> <span class='ocrx_word' id='word_1_265' title='bbox 1806 3923 1878 3985; x_wconf 83' lang='lat'>8:</span> <span class='ocrx_word' id='word_1_266' title='bbox 1905 3921 1973 3984; x_wconf 92' lang='lat' dir='ltr'>in</span> <span class='ocrx_word' id='word_1_267' title='bbox 1990 3941 2237 3985; x_wconf 83' lang='lat' dir='ltr'>erucem</span> <span class='ocrx_word' id='word_1_268' title='bbox 2262 3920 2405 3984; x_wconf 79' lang='lat' dir='ltr'>tolli</span> <span class='ocrx_word' id='word_1_269' title='bbox 2431 3921 2622 3985; x_wconf 79' lang='lat' dir='ltr'>iussit</span> 
     </span>
     <span class='ocr_line' id='line_1_29' title="bbox 543 4033 2620 4118; baseline -0.002 -18"><span class='ocrx_word' id='word_1_270' title='bbox 543 4056 652 4118; x_wconf 88' lang='lat' dir='ltr'>per</span> <span class='ocrx_word' id='word_1_271' title='bbox 709 4056 845 4101; x_wconf 89' lang='lat' dir='ltr'>eam</span> <span class='ocrx_word' id='word_1_272' title='bbox 899 4036 1106 4112; x_wconf 79' lang='lat' dir='ltr'>uiam:</span> <span class='ocrx_word' id='word_1_273' title='bbox 1155 4072 1238 4083; x_wconf 90' lang='lat'>—-</span> <span class='ocrx_word' id='word_1_274' title='bbox 1286 4035 1473 4100; x_wconf 83' lang='lat' dir='ltr'>Gord.</span> <span class='ocrx_word' id='word_1_275' title='bbox 1537 4037 1654 4114; x_wconf 91' lang='grc'>32,</span> <span class='ocrx_word' id='word_1_276' title='bbox 1716 4037 1788 4098; x_wconf 87' lang='lat'>5:</span> <span class='ocrx_word' id='word_1_277' title='bbox 1859 4033 2168 4099; x_wconf 83' lang='lat' dir='ltr'>columnis</span> <span class='ocrx_word' id='word_1_278' title='bbox 2227 4033 2455 4115; x_wconf 73' lang='lat' dir='ltr'>positis</span> <span class='ocrx_word' id='word_1_279' title='bbox 2510 4052 2620 4115; x_wconf 88' lang='lat' dir='ltr'>per</span> 
     </span>
     <span class='ocr_line' id='line_1_30' title="bbox 544 4146 2616 4231; baseline -0.001 -19"><span class='ocrx_word' id='word_1_280' title='bbox 544 4149 730 4231; x_wconf 85' lang='lat' dir='ltr'>pedes</span> <span class='ocrx_word' id='word_1_281' title='bbox 762 4150 974 4225; x_wconf 82' lang='lat' dir='ltr'>mille:</span> <span class='ocrx_word' id='word_1_282' title='bbox 1024 4186 1104 4194; x_wconf 90' lang='lat'>—</span> <span class='ocrx_word' id='word_1_283' title='bbox 1152 4149 1315 4212; x_wconf 86' lang='lat' dir='ltr'>Max.</span> <span class='ocrx_word' id='word_1_284' title='bbox 1352 4149 1383 4210; x_wconf 90' lang='lat'>1</span> <span class='ocrx_word' id='word_1_285' title='bbox 1407 4148 1466 4224; x_wconf 91' lang='grc'>2,</span> <span class='ocrx_word' id='word_1_286' title='bbox 1518 4149 1590 4210; x_wconf 90' lang='lat'>1:</span> <span class='ocrx_word' id='word_1_287' title='bbox 1637 4166 1747 4230; x_wconf 91' lang='lat' dir='ltr'>per</span> <span class='ocrx_word' id='word_1_288' title='bbox 1778 4146 2193 4231; x_wconf 76' lang='lat' dir='ltr'>quadraginta</span> <span class='ocrx_word' id='word_1_289' title='bbox 2221 4146 2401 4209; x_wconf 89' lang='lat' dir='ltr'>milia</span> <span class='ocrx_word' id='word_1_290' title='bbox 2440 4146 2616 4210; x_wconf 82' lang='lat' dir='ltr'>uicos</span> 
     </span>
     <span class='ocr_line' id='line_1_31' title="bbox 541 4257 2617 4343; baseline -0 -21"><span class='ocrx_word' id='word_1_291' title='bbox 541 4260 855 4337; x_wconf 73' lang='lat' dir='ltr'>incendit:</span> <span class='ocrx_word' id='word_1_292' title='bbox 909 4298 981 4308; x_wconf 94' lang='lat'>—</span> <span class='ocrx_word' id='word_1_293' title='bbox 1033 4262 1228 4326; x_wconf 89' lang='lat' dir='ltr'>Hadr.</span> <span class='ocrx_word' id='word_1_294' title='bbox 1291 4264 1320 4323; x_wconf 89' lang='lat' dir='ltr'>l</span> <span class='ocrx_word' id='word_1_295' title='bbox 1351 4262 1406 4338; x_wconf 94' lang='grc'>1,</span> <span class='ocrx_word' id='word_1_296' title='bbox 1469 4260 1542 4323; x_wconf 84' lang='grc'>2;</span> <span class='ocrx_word' id='word_1_297' title='bbox 1604 4279 1853 4323; x_wconf 88' lang='lat' dir='ltr'>murum</span> <span class='ocrx_word' id='word_1_298' title='bbox 1900 4278 2011 4341; x_wconf 86' lang='lat' dir='ltr'>per</span> <span class='ocrx_word' id='word_1_299' title='bbox 2056 4259 2374 4343; x_wconf 76' lang='lat' dir='ltr'>octoginta</span> <span class='ocrx_word' id='word_1_300' title='bbox 2432 4257 2617 4322; x_wconf 87' lang='lat' dir='ltr'>milia</span> 
     </span>
     <span class='ocr_line' id='line_1_32' title="bbox 539 4372 2611 4454; baseline -0.001 -17"><span class='ocrx_word' id='word_1_301' title='bbox 539 4392 842 4454; x_wconf 87' lang='lat' dir='ltr'>passuum</span> <span class='ocrx_word' id='word_1_302' title='bbox 888 4373 1148 4448; x_wconf 77' lang='lat' dir='ltr'>ducere:</span> <span class='ocrx_word' id='word_1_303' title='bbox 1199 4410 1276 4417; x_wconf 96' lang='lat'>—</span> <span class='ocrx_word' id='word_1_304' title='bbox 1326 4372 1462 4436; x_wconf 84' lang='lat' dir='ltr'>Car.</span> <span class='ocrx_word' id='word_1_305' title='bbox 1510 4373 1570 4449; x_wconf 91' lang='grc'>4,</span> <span class='ocrx_word' id='word_1_306' title='bbox 1618 4373 1691 4435; x_wconf 84' lang='grc'>2;</span> <span class='ocrx_word' id='word_1_307' title='bbox 1740 4373 1986 4435; x_wconf 72' lang='lat' dir='ltr'>trahere</span> <span class='ocrx_word' id='word_1_308' title='bbox 2031 4392 2141 4453; x_wconf 87' lang='lat' dir='ltr'>per</span> <span class='ocrx_word' id='word_1_309' title='bbox 2184 4372 2496 4454; x_wconf 77' lang='lat' dir='ltr'>plateam:</span> <span class='ocrx_word' id='word_1_310' title='bbox 2531 4408 2611 4416; x_wconf 90' lang='lat'>—</span> 
     </span>
    </p>
   </div>
   <div class='ocr_carea' id='block_1_5' title="bbox 2340 4508 2406 4561">
    <p class='ocr_par' dir='ltr' id='par_1_5' title="bbox 2340 4508 2406 4561">
     <span class='ocr_line' id='line_1_33' title="bbox 2340 4508 2406 4561; baseline 0 -20"><span class='ocrx_word' id='word_1_311' title='bbox 2340 4508 2406 4561; x_wconf 70' lang='lat'>3*</span> 
     </span>
    </p>
   </div>
  </div>
 </body>
</html>
