3400 5317
1782 698 2207 759 -80....

1871 884 2125 967 Sine.

1157 1016 1492 1100 Draeger.
1551 1017 1619 1106 P
1664 1036 1733 1100 p.
1789 1015 1980 1097 638,
2041 1017 2104 1082 2.
2165 1017 2212 1102 5
2274 1015 2458 1083 288.
2547 1017 2710 1080 Max.
2775 1015 2888 1091 10,
2953 1017 3032 1076 6:

950 1128 1085 1192 sine
1129 1127 1378 1206 iudicio,
1427 1147 1475 1192 s.
1510 1130 1926 1211 accusatione,
1975 1149 2024 1194 s.
2059 1129 2334 1194 delatore
2367 1149 2416 1193 s.
2451 1128 2772 1192 defensore
2812 1146 3034 1191 omnes

950 1241 1305 1315 interemit:
1355 1241 1506 1305 Pius
1540 1243 1598 1319 7,
1646 1243 1722 1316 53
1769 1243 1961 1306 Marc.
1997 1244 2056 1320 4,
2092 1244 2222 1316 103
2258 1243 2373 1320 10,
2407 1243 2480 1317 4;
2529 1244 2587 1319 6,
2637 1242 2802 1304 8.-
2845 1240 3036 1323 plura

948 1353 1249 1436 praebent
1294 1353 1524 1430 lexica3
1580 1391 1651 1400 —-
1704 1355 1946 1418 duobus
1979 1353 2134 1418 locis
2165 1331 2539 1437 praepositio
2567 1339 2730 1436 'quae
2764 1354 2861 1418 est
2893 1353 3034 1416 sine

950 1467 1109 1532 falso
1142 1466 1458 1531 omittitur
1486 1466 1552 1529 in
1584 1467 1748 1540 ΒΡ.;
1780 1466 1934 1530 Pius
1960 1467 1991 1529 1
2015 1468 2074 1543 3,
2107 1467 2182 1528 4:
2229 1466 2521 1548 solusque
2555 1465 2836 1529 omnium
2858 1466 3035 1547 prin-

950 1579 1161 1662 cipum
1192 1579 1324 1642 sine
1371 1579 1548 1642 ciuili
1595 1579 1898 1662 sanguine
1946 1579 2010 1642 et
2055 1578 2273 1642 hostili
2323 1613 2398 1625 -
2463 1577 2651 1651 uixit:
2719 1615 2798 1624 --
2859 1576 3034 1643 Gall.

950 1695 1010 1770 6,
1060 1693 1136 1754 6:
1182 1710 1307 1755 non
1356 1691 1491 1754 sine
1537 1691 1896 1755 atrabaticis
1945 1691 2110 1775 sagis
2170 1690 2309 1754 tuta
2353 1709 2451 1754 res
2483 1689 2738 1772 publica
2767 1691 2915 1754 est‘?
2955 1727 3031 1735 --·

1800 1879 2176 1962 Coram.

1152 2012 1239 2077 11.
1278 2011 1373 2077 Π.
1421 2032 1485 2096 p.
1534 2010 1709 2079 130.
1784 2011 1999 2076 Aurel.
2050 2012 2170 2090 49,
2218 2014 2291 2074 3:
2340 2010 2662 2074 ministros
2692 2011 3036 2091 peccantes

950 2140 1159 2186 coram
1205 2141 1272 2186 se
1318 2123 1493 2187 caedi
1536 2123 1828 2198 iubebat:
1873 2125 2114 2187 uertas:
2163 2123 2277 2187 auf
2314 2123 2423 2186 der
2470 2121 2685 2186 Stelle.
2749 2158 2832 2168 --

1890 2315 2103 2396 Pro·

1154 2442 1244 2508 Η.
1296 2442 1478 2508 ΙΙΙῙ.
1533 2462 1603 2526 p.
1647 2443 1838 2510 580.
1899 2442 2114 2506 Aurel.
2163 2444 2280 2524 27,
2329 2445 2402 2507 4:
2471 2462 2582 2524 pro
2644 2443 2822 2506 nobis
2879 2444 3040 2505 sunt

952 2553 1263 2632 Saraceni,
1310 2573 1421 2636 pro
1467 2555 1645 2620 nobis
1691 2555 1992 2618 Armenii.
2055 2593 2142 2600 —-

1154 2666 1241 2732 Η.
1288 2686 1355 2750 p.
1405 2666 1581 2749 581,
1628 2667 1693 2732 5.
1728 2665 1863 2731 Car.
1913 2669 1970 2744 8,
2019 2669 2092 2730 5:
2140 2667 2203 2730 in
2253 2668 2476 2732 senatu
2505 2687 2614 2750 pro
2649 2687 2713 2731 se
2761 2669 2824 2731 et
2856 2669 3030 2749 apud

952 2778 1259 2861 populum
1291 2779 1535 2843 facinus
1570 2778 1840 2855 diluere;
1874 2816 1958 2823 -—
2001 2798 2143 2861 „pro
2191 2787 2290 2842 se⁶⁶
2331 2779 2447 2844 hoc
2479 2780 2614 2844 loco
2645 2780 2814 2843 idem
2845 2781 3032 2844 ualet

949 2892 1168 2974 atque:
1226 2909 1325 2968 „se
1373 2891 1731 2955 defendens.
1761 2897 1784 2924 “
1851 2929 1919 2936 —-

1156 3005 1243 3070 11.
1309 3023 1377 3088 p.
1446 3003 1627 3087 581,
1700 3004 1767 3068 6.
1857 3005 2020 3068 Max.
2074 3003 2186 3081 19,
2262 3007 2335 3068 3:
2394 3003 2768 3088 Capelianus
2828 3005 3040 3070 uictor

956 3135 1065 3199 pro
1111 3115 1453 3180 Maximino
1486 3134 1700 3180 omnes
1734 3116 2089 3195 interemit:
2123 3153 2205 3160 —-—
2239 3117 2432 3180 Marc.
2468 3118 2526 3195 5,
2561 3119 2632 3180 5:
2681 3136 2789 3200 pro
2821 3119 3038 3183 Annio

951 3228 1248 3294 Aurelius
1295 3228 1499 3309 coepit
1542 3228 1774 3292 uocari.
1835 3265 1922 3274 -—
2003 3287 2012 3296 .

1152 3343 1240 3407 Η.
1303 3361 1366 3423 p.
1441 3341 1629 3424 582,
1692 3340 1757 3405 3.
1865 3339 2007 3404 Alb.
2086 3342 2198 3418 12,
2265 3342 2393 3405 12;
2441 3342 2640 3405 maior
2683 3342 2805 3405 fuit
2859 3342 3042 3410 dolor

953 3455 1115 3538 quod
1147 3454 1332 3517 illum
1379 3472 1488 3536 pro
1520 3453 1800 3517 litterato
1848 3453 2230 3517 laudandum
2277 3453 2557 3536 plerique
2605 3454 2905 3528 duxistis:
2960 3491 3044 3500 --

953 3566 1139 3634 Gord.
1204 3568 1321 3644 21,
1385 3567 1459 3630 5:
1523 3584 1632 3649 pro
1695 3566 1793 3629 sui
1853 3565 2262 3630 admiratione
2325 3567 2659 3630 tacendum
2717 3585 2852 3631 esse
2909 3587 3038 3632 non

953 3679 1223 3755 credidi3
1278 3717 1348 3725 —
1401 3679 1592 3742 Hadr.
1656 3681 1693 3742 2
1717 3681 1774 3757 7,
1835 3682 1904 3742 3:
1967 3679 2276 3761 templum
2335 3698 2445 3761 pro
2509 3679 2838 3760 sepulchro
2885 3699 3044 3744 con-

952 3793 1249 3869 stituere:
1302 3828 1377 3839 —-
1430 3793 1607 3870 Geta,
1657 3794 1717 3870 4,
1768 3794 1840 3855 5:
1889 3811 1998 3873 pro
2043 3793 2364 3876 praesagio
2411 3792 2565 3868 fuit;
2617 3829 2696 3838 —-
2741 3793 2924 3856 Prob.
2981 3795 3041 3870 7,

951 3907 988 3969 5
1028 3929 1041 3981 3
1096 3941 1168 3952 -
1221 3905 1321 3969 Al.
1373 3905 1513 3970 Seu.
1565 3906 1681 3982 51,
1731 3905 1805 3966 4:
1854 3923 1962 3986 pro
2008 3906 2214 3968 tutore
2261 3905 2506 3969 habere.
2569 3941 2650 3949 -—

1155 4018 1245 4084 Η.
1301 4038 1369 4102 p.
1416 4016 1602 4094 584,
1672 4035 1770 4096 sq.
1843 4018 1908 4081 9.
1999 4016 2174 4080 Alex.
2223 4017 2433 4082 Seuer.
2499 4020 2616 4096 32,
2674 4020 2746 4081 3;
2811 4017 2903 4082 ita
2969 4021 3047 4082 ut

955 4130 1243 4213 priuatus
1302 4149 1413 4213 pro
1474 4130 1608 4193 loco
1671 4147 1783 4192 suo
1843 4130 2056 4210 posset
2108 4129 2368 4193 honeste
2429 4130 2679 4203 uiuere:
2725 4166 2812 4174 -—
2859 4129 3043 4212 Cass,

949 4319 1089 4371 quae
1128 4309 1255 4356 sunt
1291 4303 1495 4369 .,prae“
1536 4307 1590 4354 et
1628 4301 1800 4368 „pro“
1848 4301 1903 4353 in
1941 4299 2216 4353 codicibus
2265 4302 2645 4368 manuscriptis
2685 4317 2846 4369 saepe
2887 4319 3042 4357 com-

953 4403 1160 4452 mutata
1199 4413 1319 4451 esse
1359 4403 1443 4451 sat
1481 4401 1722 4463 constat3
1762 4427 1825 4434 —
1867 4395 1933 4448 cf.
1974 4411 2140 4462 supra
2178 4396 2305 4449 Tac.
2349 4400 2441 4463 11,
2481 4401 2529 4449 2.
2582 4427 2646 4434 -
