<?xml version="1.0" encoding="UTF-8"?>
<!DOCTYPE html PUBLIC "-//W3C//DTD XHTML 1.0 Transitional//EN"
    "http://www.w3.org/TR/xhtml1/DTD/xhtml1-transitional.dtd">
<html xmlns="http://www.w3.org/1999/xhtml" xml:lang="en" lang="en">
 <head>
  <title>
</title>
<meta http-equiv="Content-Type" content="text/html;charset=utf-8" />
  <meta name='ocr-system' content='tesseract 3.04.00' />
  <meta name='ocr-capabilities' content='ocr_page ocr_carea ocr_par ocr_line ocrx_word'/>
</head>
<body>
  <div class='ocr_page' id='page_1' title='image "./depraepositionu00kraugoog_0114.png"; bbox 0 0 3400 5317; ppageno 0'>
   <div class='ocr_carea' id='block_1_1' title="bbox 1617 694 2149 755">
    <p class='ocr_par' dir='ltr' id='par_1_1' title="bbox 1617 694 2149 755">
     <span class='ocr_line' id='line_1_1' title="bbox 1617 694 2149 755; baseline -0.009 -10"><span class='ocrx_word' id='word_1_1' title='bbox 1617 694 2149 755; x_wconf 81' lang='grc'>....-96-..</span> 
     </span>
    </p>
   </div>
   <div class='ocr_carea' id='block_1_2' title="bbox 863 880 3031 3339">
    <p class='ocr_par' dir='ltr' id='par_1_2' title="bbox 863 880 2985 1418">
     <span class='ocr_line' id='line_1_2' title="bbox 863 880 2985 967; baseline -0.001 -18"><span class='ocrx_word' id='word_1_2' title='bbox 863 944 866 949; x_wconf 92' lang='grc'>.</span> <span class='ocrx_word' id='word_1_3' title='bbox 905 881 982 945; x_wconf 86' lang='lat' dir='ltr'>of.</span> <span class='ocrx_word' id='word_1_4' title='bbox 1018 880 1198 945; x_wconf 90' lang='lat' dir='ltr'><strong>Ouid.</strong></span> <span class='ocrx_word' id='word_1_5' title='bbox 1246 884 1396 946; x_wconf 91' lang='lat' dir='ltr'>met.</span> <span class='ocrx_word' id='word_1_6' title='bbox 1447 884 1562 961; x_wconf 88' lang='lat'>14,</span> <span class='ocrx_word' id='word_1_7' title='bbox 1614 885 1863 958; x_wconf 81' lang='lat'>71;-</span> <span class='ocrx_word' id='word_1_8' title='bbox 1892 882 2139 967; x_wconf 84' lang='lat' dir='ltr'>Heliog.</span> <span class='ocrx_word' id='word_1_9' title='bbox 2192 884 2247 962; x_wconf 95' lang='lat'>1,</span> <span class='ocrx_word' id='word_1_10' title='bbox 2282 884 2356 946; x_wconf 85' lang='lat'>5:</span> <span class='ocrx_word' id='word_1_11' title='bbox 2404 882 2708 946; x_wconf 88' lang='lat' dir='ltr'>Antonini</span> <span class='ocrx_word' id='word_1_12' title='bbox 2754 901 2985 946; x_wconf 88' lang='lat' dir='ltr'>nomen</span> 
     </span>
     <span class='ocr_line' id='line_1_3' title="bbox 901 994 2977 1080; baseline 0 -22"><span class='ocrx_word' id='word_1_13' title='bbox 901 994 1021 1059; x_wconf 83' lang='lat' dir='ltr'>sibi</span> <span class='ocrx_word' id='word_1_14' title='bbox 1067 994 1416 1059; x_wconf 85' lang='lat' dir='ltr'>adsoiuerat</span> <span class='ocrx_word' id='word_1_15' title='bbox 1459 995 1526 1058; x_wconf 88' lang='lat' dir='ltr'>in</span> <span class='ocrx_word' id='word_1_16' title='bbox 1573 996 2015 1080; x_wconf 75' lang='lat' dir='ltr'>argumentum</span> <span class='ocrx_word' id='word_1_17' title='bbox 2061 995 2341 1080; x_wconf 82' lang='lat' dir='ltr'>generis;</span> <span class='ocrx_word' id='word_1_18' title='bbox 2378 1032 2452 1041; x_wconf 92' lang='lat'><em>-</em></span> <span class='ocrx_word' id='word_1_19' title='bbox 2504 994 2742 1060; x_wconf 84' lang='lat' dir='ltr'>Comm.</span> <span class='ocrx_word' id='word_1_20' title='bbox 2794 996 2851 1073; x_wconf 87' lang='lat'>7,</span> <span class='ocrx_word' id='word_1_21' title='bbox 2905 997 2977 1059; x_wconf 91' lang='lat' dir='ltr'>l:</span> 
     </span>
     <span class='ocr_line' id='line_1_4' title="bbox 898 1107 2975 1194; baseline 0 -23"><span class='ocrx_word' id='word_1_22' title='bbox 898 1107 966 1171; x_wconf 89' lang='lat' dir='ltr'>in</span> <span class='ocrx_word' id='word_1_23' title='bbox 1016 1107 1222 1172; x_wconf 88' lang='lat' dir='ltr'>Attali</span> <span class='ocrx_word' id='word_1_24' title='bbox 1277 1109 1544 1193; x_wconf 76' lang='lat' dir='ltr'>gratiam</span> <span class='ocrx_word' id='word_1_25' title='bbox 1593 1110 1690 1173; x_wconf 81' lang='lat' dir='ltr'>est</span> <span class='ocrx_word' id='word_1_26' title='bbox 1734 1110 2011 1187; x_wconf 75' lang='lat' dir='ltr'>occisus:</span> <span class='ocrx_word' id='word_1_27' title='bbox 2072 1138 2157 1165; x_wconf 74' lang='lat' dir='ltr'>z:</span> <span class='ocrx_word' id='word_1_28' title='bbox 2216 1109 2384 1194; x_wconf 88' lang='lat' dir='ltr'>Trig.</span> <span class='ocrx_word' id='word_1_29' title='bbox 2433 1112 2479 1174; x_wconf 88' lang='lat' dir='ltr'>t.</span> <span class='ocrx_word' id='word_1_30' title='bbox 2545 1110 2576 1172; x_wconf 93' lang='lat'>1</span> <span class='ocrx_word' id='word_1_31' title='bbox 2602 1110 2662 1187; x_wconf 83' lang='lat'>8,</span> <span class='ocrx_word' id='word_1_32' title='bbox 2712 1110 2840 1185; x_wconf 79' lang='lat'>123</span> <span class='ocrx_word' id='word_1_33' title='bbox 2890 1146 2975 1155; x_wconf 92' lang='lat'>—</span> 
     </span>
     <span class='ocr_line' id='line_1_5' title="bbox 901 1219 2975 1308; baseline 0 -23"><span class='ocrx_word' id='word_1_34' title='bbox 901 1219 1117 1285; x_wconf 83' lang='lat' dir='ltr'>Claud.</span> <span class='ocrx_word' id='word_1_35' title='bbox 1181 1222 1238 1301; x_wconf 87' lang='grc'>3,</span> <span class='ocrx_word' id='word_1_36' title='bbox 1307 1225 1377 1299; x_wconf 87' lang='grc'>1;</span> <span class='ocrx_word' id='word_1_37' title='bbox 1441 1259 1522 1269; x_wconf 90' lang='lat'>——</span> <span class='ocrx_word' id='word_1_38' title='bbox 1584 1223 1754 1308; x_wconf 85' lang='lat' dir='ltr'>Trig.</span> <span class='ocrx_word' id='word_1_39' title='bbox 1815 1225 1862 1287; x_wconf 89' lang='lat' dir='ltr'>t.</span> <span class='ocrx_word' id='word_1_40' title='bbox 1928 1225 1959 1287; x_wconf 93' lang='lat'>1</span> <span class='ocrx_word' id='word_1_41' title='bbox 1987 1225 2043 1300; x_wconf 88' lang='lat'>1,</span> <span class='ocrx_word' id='word_1_42' title='bbox 2121 1225 2193 1287; x_wconf 86' lang='lat'>1:</span> <span class='ocrx_word' id='word_1_43' title='bbox 2256 1222 2561 1287; x_wconf 84' lang='lat' dir='ltr'>exereitus</span> <span class='ocrx_word' id='word_1_44' title='bbox 2622 1241 2845 1306; x_wconf 82' lang='lat' dir='ltr'>regens</span> <span class='ocrx_word' id='word_1_45' title='bbox 2906 1221 2975 1285; x_wconf 92' lang='lat' dir='ltr'>in</span> 
     </span>
     <span class='ocr_line' id='line_1_6' title="bbox 904 1334 1869 1418; baseline 0 -21"><span class='ocrx_word' id='word_1_46' title='bbox 904 1334 1270 1415; x_wconf 79' lang='lat' dir='ltr'>contemptu</span> <span class='ocrx_word' id='word_1_47' title='bbox 1317 1334 1610 1401; x_wconf 86' lang='lat' dir='ltr'>Gallieni.</span> <span class='ocrx_word' id='word_1_48' title='bbox 1633 1334 1741 1418; x_wconf 65' lang='grc'>145)</span> <span class='ocrx_word' id='word_1_49' title='bbox 1792 1370 1869 1383; x_wconf 90' lang='lat'>--</span> 
     </span>
    </p>

    <p class='ocr_par' dir='ltr' id='par_1_3' title="bbox 898 1446 2980 1852">
     <span class='ocr_line' id='line_1_7' title="bbox 1104 1446 2980 1531; baseline -0.001 -19"><span class='ocrx_word' id='word_1_50' title='bbox 1104 1447 1188 1512; x_wconf 88' lang='lat' dir='ltr'>H.</span> <span class='ocrx_word' id='word_1_51' title='bbox 1235 1467 1300 1531; x_wconf 86' lang='lat' dir='ltr'>p.</span> <span class='ocrx_word' id='word_1_52' title='bbox 1349 1446 1520 1531; x_wconf 91' lang='grc'>331,</span> <span class='ocrx_word' id='word_1_53' title='bbox 1569 1446 1691 1513; x_wconf 92' lang='grc'>32.</span> <span class='ocrx_word' id='word_1_54' title='bbox 1749 1447 1925 1512; x_wconf 85' lang='lat' dir='ltr'>Alex.</span> <span class='ocrx_word' id='word_1_55' title='bbox 1974 1446 2184 1513; x_wconf 83' lang='lat' dir='ltr'>Seuer.</span> <span class='ocrx_word' id='word_1_56' title='bbox 2232 1450 2349 1527; x_wconf 86' lang='lat'>33,</span> <span class='ocrx_word' id='word_1_57' title='bbox 2399 1450 2469 1513; x_wconf 85' lang='lat'>3:</span> <span class='ocrx_word' id='word_1_58' title='bbox 2516 1448 2583 1512; x_wconf 88' lang='lat' dir='ltr'>in</span> <span class='ocrx_word' id='word_1_59' title='bbox 2643 1447 2823 1531; x_wconf 79' lang='lat' dir='ltr'>signa</span> <span class='ocrx_word' id='word_1_60' title='bbox 2868 1448 2980 1511; x_wconf 89' lang='lat' dir='ltr'>aut</span> 
     </span>
     <span class='ocr_line' id='line_1_8' title="bbox 900 1558 2973 1642; baseline 0.001 -21"><span class='ocrx_word' id='word_1_61' title='bbox 900 1558 978 1622; x_wconf 91' lang='lat' dir='ltr'>ad</span> <span class='ocrx_word' id='word_1_62' title='bbox 1037 1560 1404 1641; x_wconf 86' lang='lat' dir='ltr'>apparatum</span> <span class='ocrx_word' id='word_1_63' title='bbox 1465 1559 1838 1642; x_wconf 82' lang='lat' dir='ltr'>deputabat:</span> <span class='ocrx_word' id='word_1_64' title='bbox 1889 1597 1963 1608; x_wconf 95' lang='lat'>—</span> <span class='ocrx_word' id='word_1_65' title='bbox 2020 1561 2120 1625; x_wconf 91' lang='lat' dir='ltr'>Al.</span> <span class='ocrx_word' id='word_1_66' title='bbox 2170 1559 2312 1626; x_wconf 89' lang='lat' dir='ltr'>Seu.</span> <span class='ocrx_word' id='word_1_67' title='bbox 2360 1562 2476 1638; x_wconf 86' lang='lat'>39,</span> <span class='ocrx_word' id='word_1_68' title='bbox 2542 1562 2581 1624; x_wconf 83' lang='lat'>6</span> <span class='ocrx_word' id='word_1_69' title='bbox 2621 1588 2704 1615; x_wconf 90' lang='lat'><strong><em>=</em></strong></span> <span class='ocrx_word' id='word_1_70' title='bbox 2736 1562 2854 1639; x_wconf 87' lang='lat'>41,</span> <span class='ocrx_word' id='word_1_71' title='bbox 2898 1562 2973 1623; x_wconf 83' lang='lat'>6:</span> 
     </span>
     <span class='ocr_line' id='line_1_9' title="bbox 898 1640 2976 1755; baseline 0.001 -20"><span class='ocrx_word' id='word_1_72' title='bbox 898 1640 1235 1755; x_wconf 68' lang='lat' dir='ltr'>uectigalia</span> <span class='ocrx_word' id='word_1_73' title='bbox 1291 1671 1543 1754; x_wconf 81' lang='lat' dir='ltr'>publica</span> <span class='ocrx_word' id='word_1_74' title='bbox 1615 1672 1682 1735; x_wconf 76' lang='lat' dir='ltr'>in</span> <span class='ocrx_word' id='word_1_75' title='bbox 1738 1673 1803 1736; x_wconf 85' lang='lat' dir='ltr'>id</span> <span class='ocrx_word' id='word_1_76' title='bbox 1860 1673 2193 1748; x_wconf 57' lang='lat' dir='ltr'>contram</span> <span class='ocrx_word' id='word_1_77' title='bbox 2257 1710 2334 1719; x_wconf 89' lang='lat'><em>-</em></span> <span class='ocrx_word' id='word_1_78' title='bbox 2399 1673 2536 1736; x_wconf 76' lang='lat' dir='ltr'>Per.</span> <span class='ocrx_word' id='word_1_79' title='bbox 2597 1673 2628 1735; x_wconf 93' lang='lat'>1</span> <span class='ocrx_word' id='word_1_80' title='bbox 2657 1674 2712 1751; x_wconf 88' lang='lat'>1,</span> <span class='ocrx_word' id='word_1_81' title='bbox 2776 1675 2845 1737; x_wconf 84' lang='lat'>9:</span> <span class='ocrx_word' id='word_1_82' title='bbox 2907 1673 2976 1737; x_wconf 76' lang='lat' dir='ltr'>in</span> 
     </span>
     <span class='ocr_line' id='line_1_10' title="bbox 899 1783 2817 1852; baseline 0.003 -5"><span class='ocrx_word' id='word_1_83' title='bbox 899 1786 1058 1848; x_wconf 90' lang='lat' dir='ltr'>iram</span> <span class='ocrx_word' id='word_1_84' title='bbox 1105 1785 1170 1848; x_wconf 93' lang='lat' dir='ltr'>et</span> <span class='ocrx_word' id='word_1_85' title='bbox 1211 1783 1277 1847; x_wconf 89' lang='lat' dir='ltr'>in</span> <span class='ocrx_word' id='word_1_86' title='bbox 1321 1784 1612 1849; x_wconf 90' lang='lat' dir='ltr'>timorem</span> <span class='ocrx_word' id='word_1_87' title='bbox 1657 1786 1895 1851; x_wconf 84' lang='lat' dir='ltr'>milites</span> <span class='ocrx_word' id='word_1_88' title='bbox 1942 1785 2213 1851; x_wconf 84' lang='lat' dir='ltr'>adduxit.</span> <span class='ocrx_word' id='word_1_89' title='bbox 2275 1823 2364 1833; x_wconf 89' lang='lat'>—</span> <span class='ocrx_word' id='word_1_90' title='bbox 2806 1838 2817 1852; x_wconf 94' lang='lat'><strong>.</strong></span> 
     </span>
    </p>

    <p class='ocr_par' dir='ltr' id='par_1_4' title="bbox 899 1896 2979 2089">
     <span class='ocr_line' id='line_1_11' title="bbox 1107 1896 2979 1981; baseline 0 -19"><span class='ocrx_word' id='word_1_91' title='bbox 1107 1897 1190 1962; x_wconf 88' lang='lat' dir='ltr'>H.</span> <span class='ocrx_word' id='word_1_92' title='bbox 1269 1916 1335 1981; x_wconf 88' lang='lat' dir='ltr'>p.</span> <span class='ocrx_word' id='word_1_93' title='bbox 1398 1896 1582 1981; x_wconf 90' lang='grc'>323,</span> <span class='ocrx_word' id='word_1_94' title='bbox 1657 1897 1772 1965; x_wconf 79' lang='grc'>37.</span> <span class='ocrx_word' id='word_1_95' title='bbox 1858 1898 2035 1962; x_wconf 82' lang='lat' dir='ltr'>Alex.</span> <span class='ocrx_word' id='word_1_96' title='bbox 2126 1898 2335 1963; x_wconf 87' lang='lat' dir='ltr'>Seuer.</span> <span class='ocrx_word' id='word_1_97' title='bbox 2399 1899 2513 1978; x_wconf 89' lang='lat'>53,</span> <span class='ocrx_word' id='word_1_98' title='bbox 2608 1900 2679 1963; x_wconf 87' lang='lat'>7:</span> <span class='ocrx_word' id='word_1_99' title='bbox 2758 1898 2979 1963; x_wconf 87' lang='lat' dir='ltr'>lauant</span> 
     </span>
     <span class='ocr_line' id='line_1_12' title="bbox 899 2010 2971 2089; baseline -0.001 -13"><span class='ocrx_word' id='word_1_100' title='bbox 899 2011 1275 2077; x_wconf 82' lang='lat' dir='ltr'>Graecorum</span> <span class='ocrx_word' id='word_1_101' title='bbox 1305 2010 1372 2074; x_wconf 90' lang='lat' dir='ltr'>in</span> <span class='ocrx_word' id='word_1_102' title='bbox 1403 2029 1673 2085; x_wconf 74' lang='lat' dir='ltr'>morem:</span> <span class='ocrx_word' id='word_1_103' title='bbox 1721 2012 1813 2074; x_wconf 90' lang='lat' dir='ltr'>ita</span> <span class='ocrx_word' id='word_1_104' title='bbox 1842 2011 2044 2075; x_wconf 89' lang='lat' dir='ltr'>Peter.</span> <span class='ocrx_word' id='word_1_105' title='bbox 2079 2011 2163 2075; x_wconf 89' lang='lat' dir='ltr'>P:</span> <span class='ocrx_word' id='word_1_106' title='bbox 2211 2030 2468 2089; x_wconf 91' lang='lat' dir='ltr'>morem,</span> <span class='ocrx_word' id='word_1_107' title='bbox 2516 2012 2618 2075; x_wconf 88' lang='lat' dir='ltr'>M:</span> <span class='ocrx_word' id='word_1_108' title='bbox 2653 2030 2840 2076; x_wconf 91' lang='lat' dir='ltr'>more.</span> <span class='ocrx_word' id='word_1_109' title='bbox 2894 2049 2971 2057; x_wconf 78' lang='lat'>--</span> 
     </span>
    </p>

    <p class='ocr_par' dir='ltr' id='par_1_5' title="bbox 896 2122 2976 2303">
     <span class='ocr_line' id='line_1_13' title="bbox 1108 2122 2976 2208; baseline 0 -19"><span class='ocrx_word' id='word_1_110' title='bbox 1108 2125 1192 2189; x_wconf 88' lang='lat' dir='ltr'>H.</span> <span class='ocrx_word' id='word_1_111' title='bbox 1239 2144 1304 2208; x_wconf 86' lang='lat' dir='ltr'>p.</span> <span class='ocrx_word' id='word_1_112' title='bbox 1367 2122 1551 2205; x_wconf 89' lang='grc'>324,</span> <span class='ocrx_word' id='word_1_113' title='bbox 1615 2122 1742 2188; x_wconf 86' lang='grc'>39.</span> <span class='ocrx_word' id='word_1_114' title='bbox 1815 2123 1979 2187; x_wconf 85' lang='lat' dir='ltr'>Max.</span> <span class='ocrx_word' id='word_1_115' title='bbox 2019 2124 2162 2200; x_wconf 74' lang='grc'>29,</span> <span class='ocrx_word' id='word_1_116' title='bbox 2214 2124 2285 2186; x_wconf 91' lang='lat'>1:</span> <span class='ocrx_word' id='word_1_117' title='bbox 2336 2122 2413 2187; x_wconf 82' lang='lat' dir='ltr'>ad</span> <span class='ocrx_word' id='word_1_118' title='bbox 2468 2124 2734 2189; x_wconf 87' lang='lat' dir='ltr'>matrem</span> <span class='ocrx_word' id='word_1_119' title='bbox 2797 2144 2976 2189; x_wconf 86' lang='lat' dir='ltr'>suam</span> 
     </span>
     <span class='ocr_line' id='line_1_14' title="bbox 896 2237 1829 2303; baseline -0.003 0"><span class='ocrx_word' id='word_1_120' title='bbox 896 2238 1112 2303; x_wconf 76' lang='lat' dir='ltr'>scribit</span> <span class='ocrx_word' id='word_1_121' title='bbox 1156 2239 1225 2301; x_wconf 88' lang='lat' dir='ltr'>in</span> <span class='ocrx_word' id='word_1_122' title='bbox 1270 2238 1423 2302; x_wconf 87' lang='lat' dir='ltr'>haec</span> <span class='ocrx_word' id='word_1_123' title='bbox 1470 2237 1678 2301; x_wconf 87' lang='lat' dir='ltr'>uerba.</span> <span class='ocrx_word' id='word_1_124' title='bbox 1743 2274 1829 2283; x_wconf 79' lang='lat'>——</span> 
     </span>
    </p>

    <p class='ocr_par' dir='ltr' id='par_1_6' title="bbox 897 2348 2975 2547">
     <span class='ocr_line' id='line_1_15' title="bbox 1102 2348 2975 2433; baseline -0.001 -18"><span class='ocrx_word' id='word_1_125' title='bbox 1102 2350 1189 2415; x_wconf 87' lang='lat' dir='ltr'>H.</span> <span class='ocrx_word' id='word_1_126' title='bbox 1244 2369 1310 2432; x_wconf 83' lang='lat' dir='ltr'>p.</span> <span class='ocrx_word' id='word_1_127' title='bbox 1372 2348 1552 2432; x_wconf 79' lang='grc'>328,</span> <span class='ocrx_word' id='word_1_128' title='bbox 1618 2348 1747 2433; x_wconf 80' lang='grc'>45,</span> <span class='ocrx_word' id='word_1_129' title='bbox 1807 2350 1892 2415; x_wconf 77' lang='lat' dir='ltr'>ef.</span> <span class='ocrx_word' id='word_1_130' title='bbox 1949 2369 2014 2432; x_wconf 90' lang='lat' dir='ltr'>p.</span> <span class='ocrx_word' id='word_1_131' title='bbox 2076 2348 2268 2433; x_wconf 79' lang='lat'>450,</span> <span class='ocrx_word' id='word_1_132' title='bbox 2334 2349 2375 2415; x_wconf 98' lang='grc'>2</span> <span class='ocrx_word' id='word_1_133' title='bbox 2420 2368 2517 2431; x_wconf 81' lang='lat' dir='ltr'>sq.</span> <span class='ocrx_word' id='word_1_134' title='bbox 2579 2351 2722 2414; x_wconf 88' lang='lat' dir='ltr'>Ver.</span> <span class='ocrx_word' id='word_1_135' title='bbox 2787 2352 2845 2428; x_wconf 88' lang='grc'>6,</span> <span class='ocrx_word' id='word_1_136' title='bbox 2900 2351 2975 2413; x_wconf 88' lang='lat'>4:</span> 
     </span>
     <span class='ocr_line' id='line_1_16' title="bbox 897 2461 2971 2547; baseline -0.001 -20"><span class='ocrx_word' id='word_1_137' title='bbox 897 2464 964 2526; x_wconf 88' lang='lat' dir='ltr'>in</span> <span class='ocrx_word' id='word_1_138' title='bbox 1009 2463 1213 2527; x_wconf 79' lang='lat' dir='ltr'>uicem</span> <span class='ocrx_word' id='word_1_139' title='bbox 1260 2461 1475 2526; x_wconf 90' lang='lat' dir='ltr'>hordei</span> <span class='ocrx_word' id='word_1_140' title='bbox 1519 2463 1586 2526; x_wconf 87' lang='lat' dir='ltr'>in</span> <span class='ocrx_word' id='word_1_141' title='bbox 1631 2481 1926 2545; x_wconf 82' lang='lat' dir='ltr'>praesepe</span> <span class='ocrx_word' id='word_1_142' title='bbox 1966 2463 2268 2544; x_wconf 80' lang='lat' dir='ltr'>ponebat:</span> <span class='ocrx_word' id='word_1_143' title='bbox 2315 2462 2564 2547; x_wconf 88' lang='lat' dir='ltr'>Heliog.</span> <span class='ocrx_word' id='word_1_144' title='bbox 2614 2464 2732 2540; x_wconf 89' lang='grc'>21,</span> <span class='ocrx_word' id='word_1_145' title='bbox 2773 2463 2842 2536; x_wconf 88' lang='grc'>5;</span> <span class='ocrx_word' id='word_1_146' title='bbox 2892 2498 2971 2508; x_wconf 82' lang='grc'>-</span> 
     </span>
    </p>

    <p class='ocr_par' dir='ltr' id='par_1_7' title="bbox 901 2574 2976 2773">
     <span class='ocr_line' id='line_1_17' title="bbox 1104 2574 2976 2660; baseline -0.002 -18"><span class='ocrx_word' id='word_1_147' title='bbox 1104 2577 1189 2642; x_wconf 94' lang='lat' dir='ltr'>H.</span> <span class='ocrx_word' id='word_1_148' title='bbox 1247 2595 1312 2660; x_wconf 90' lang='lat' dir='ltr'>p.</span> <span class='ocrx_word' id='word_1_149' title='bbox 1375 2574 1569 2656; x_wconf 88' lang='grc'>330,</span> <span class='ocrx_word' id='word_1_150' title='bbox 1647 2576 1761 2642; x_wconf 82' lang='lat'>51.</span> <span class='ocrx_word' id='word_1_151' title='bbox 1850 2575 2026 2640; x_wconf 81' lang='lat' dir='ltr'>Alex,</span> <span class='ocrx_word' id='word_1_152' title='bbox 2104 2574 2313 2641; x_wconf 87' lang='lat' dir='ltr'>Seuer.</span> <span class='ocrx_word' id='word_1_153' title='bbox 2390 2578 2506 2655; x_wconf 83' lang='grc'>26,</span> <span class='ocrx_word' id='word_1_154' title='bbox 2567 2577 2633 2639; x_wconf 85' lang='grc'>7;</span> <span class='ocrx_word' id='word_1_155' title='bbox 2715 2575 2976 2639; x_wconf 82' lang='lat' dir='ltr'>institu-</span> 
     </span>
     <span class='ocr_line' id='line_1_18' title="bbox 901 2688 2973 2773; baseline -0.001 -19"><span class='ocrx_word' id='word_1_156' title='bbox 901 2690 1066 2754; x_wconf 87' lang='lat' dir='ltr'>errat</span> <span class='ocrx_word' id='word_1_157' title='bbox 1096 2692 1270 2772; x_wconf 85' lang='lat' dir='ltr'>septa</span> <span class='ocrx_word' id='word_1_158' title='bbox 1293 2690 1360 2753; x_wconf 88' lang='lat' dir='ltr'>in</span> <span class='ocrx_word' id='word_1_159' title='bbox 1385 2690 1512 2754; x_wconf 91' lang='lat' dir='ltr'>lato</span> <span class='ocrx_word' id='word_1_160' title='bbox 1536 2689 1767 2772; x_wconf 91' lang='lat' dir='ltr'>pedum</span> <span class='ocrx_word' id='word_1_161' title='bbox 1790 2691 2046 2753; x_wconf 84' lang='lat' dir='ltr'>centum</span> <span class='ocrx_word' id='word_1_162' title='bbox 2070 2689 2136 2753; x_wconf 90' lang='lat' dir='ltr'>in</span> <span class='ocrx_word' id='word_1_163' title='bbox 2166 2689 2353 2773; x_wconf 84' lang='lat' dir='ltr'>longo</span> <span class='ocrx_word' id='word_1_164' title='bbox 2384 2688 2615 2771; x_wconf 89' lang='lat' dir='ltr'>pedum</span> <span class='ocrx_word' id='word_1_165' title='bbox 2645 2688 2839 2752; x_wconf 89' lang='lat' dir='ltr'>mille.</span> <span class='ocrx_word' id='word_1_166' title='bbox 2890 2726 2973 2733; x_wconf 93' lang='lat'><em>-</em></span> 
     </span>
    </p>

    <p class='ocr_par' dir='ltr' id='par_1_8' title="bbox 899 2801 3031 3339">
     <span class='ocr_line' id='line_1_19' title="bbox 1106 2801 3031 2887; baseline -0.002 -19"><span class='ocrx_word' id='word_1_167' title='bbox 1106 2804 1190 2868; x_wconf 88' lang='lat' dir='ltr'>H.</span> <span class='ocrx_word' id='word_1_168' title='bbox 1237 2824 1301 2887; x_wconf 87' lang='lat' dir='ltr'>p.</span> <span class='ocrx_word' id='word_1_169' title='bbox 1361 2802 1545 2886; x_wconf 88' lang='grc'>334,</span> <span class='ocrx_word' id='word_1_170' title='bbox 1610 2803 1735 2869; x_wconf 81' lang='grc'>59.</span> <span class='ocrx_word' id='word_1_171' title='bbox 1800 2802 1976 2866; x_wconf 85' lang='lat' dir='ltr'>Alex.</span> <span class='ocrx_word' id='word_1_172' title='bbox 2037 2802 2244 2867; x_wconf 86' lang='lat' dir='ltr'>Seuer.</span> <span class='ocrx_word' id='word_1_173' title='bbox 2305 2805 2421 2879; x_wconf 86' lang='lat'>20,</span> <span class='ocrx_word' id='word_1_174' title='bbox 2482 2804 2552 2865; x_wconf 82' lang='lat'>2:</span> <span class='ocrx_word' id='word_1_175' title='bbox 2616 2801 2713 2866; x_wconf 84' lang='lat' dir='ltr'>sin</span> <span class='ocrx_word' id='word_1_176' title='bbox 2765 2801 3031 2865; x_wconf 84' lang='lat' dir='ltr'>minus&#39;</span> 
     </span>
     <span class='ocr_line' id='line_1_20' title="bbox 899 2914 2975 2997; baseline -0.001 -17"><span class='ocrx_word' id='word_1_177' title='bbox 899 2916 1057 2980; x_wconf 89' lang='lat' dir='ltr'>bene</span> <span class='ocrx_word' id='word_1_178' title='bbox 1102 2916 1340 2980; x_wconf 80' lang='lat' dir='ltr'>factum</span> <span class='ocrx_word' id='word_1_179' title='bbox 1388 2917 1554 2979; x_wconf 86' lang='lat' dir='ltr'>esset</span> <span class='ocrx_word' id='word_1_180' title='bbox 1608 2916 1846 2997; x_wconf 87' lang='lat' dir='ltr'>aliquid</span> <span class='ocrx_word' id='word_1_181' title='bbox 1905 2915 2095 2979; x_wconf 89' lang='lat' dir='ltr'>etiam</span> <span class='ocrx_word' id='word_1_182' title='bbox 2154 2915 2288 2997; x_wconf 87' lang='lat' dir='ltr'>ipse</span> <span class='ocrx_word' id='word_1_183' title='bbox 2336 2914 2735 2979; x_wconf 86' lang='lat' dir='ltr'>oonuinoeret</span> <span class='ocrx_word' id='word_1_184' title='bbox 2788 2914 2975 2997; x_wconf 91' lang='lat' dir='ltr'>idque</span> 
     </span>
     <span class='ocr_line' id='line_1_21' title="bbox 899 3026 2971 3112; baseline -0.001 -20"><span class='ocrx_word' id='word_1_185' title='bbox 899 3028 980 3092; x_wconf 86' lang='lat' dir='ltr'>in</span> <span class='ocrx_word' id='word_1_186' title='bbox 1027 3028 1334 3093; x_wconf 82' lang='lat' dir='ltr'>factum</span> <span class='ocrx_word' id='word_1_187' title='bbox 1381 3031 1444 3093; x_wconf 89' lang='lat' dir='ltr'>et</span> <span class='ocrx_word' id='word_1_188' title='bbox 1489 3028 1622 3093; x_wconf 85' lang='lat' dir='ltr'>sine</span> <span class='ocrx_word' id='word_1_189' title='bbox 1684 3029 2097 3093; x_wconf 87' lang='lat' dir='ltr'>amaritudine</span> <span class='ocrx_word' id='word_1_190' title='bbox 2152 3029 2448 3111; x_wconf 74' lang='lat' dir='ltr'>pectoris:</span> <span class='ocrx_word' id='word_1_191' title='bbox 2474 3028 2580 3112; x_wconf 79' lang='lat'><strong>¹⁴⁶)</strong></span> <span class='ocrx_word' id='word_1_192' title='bbox 2635 3066 2706 3075; x_wconf 90' lang='lat'>-—</span> <span class='ocrx_word' id='word_1_193' title='bbox 2757 3026 2971 3092; x_wconf 86' lang='lat' dir='ltr'>Aurel.</span> 
     </span>
     <span class='ocr_line' id='line_1_22' title="bbox 904 3140 2977 3218; baseline 0 -15"><span class='ocrx_word' id='word_1_194' title='bbox 904 3142 935 3204; x_wconf 90' lang='lat'>1</span> <span class='ocrx_word' id='word_1_195' title='bbox 962 3142 1020 3218; x_wconf 88' lang='lat'>1,</span> <span class='ocrx_word' id='word_1_196' title='bbox 1073 3142 1145 3204; x_wconf 84' lang='lat'>6:</span> <span class='ocrx_word' id='word_1_197' title='bbox 1193 3143 1266 3205; x_wconf 90' lang='lat' dir='ltr'>ut</span> <span class='ocrx_word' id='word_1_198' title='bbox 1324 3160 1448 3205; x_wconf 88' lang='lat' dir='ltr'>non</span> <span class='ocrx_word' id='word_1_199' title='bbox 1491 3140 1557 3204; x_wconf 89' lang='lat' dir='ltr'>in</span> <span class='ocrx_word' id='word_1_200' title='bbox 1593 3148 1990 3218; x_wconf 89' lang='lat' dir='ltr'>&lt;uanum&gt;</span> <span class='ocrx_word' id='word_1_201' title='bbox 2037 3140 2259 3205; x_wconf 89' lang='lat' dir='ltr'>uinum</span> <span class='ocrx_word' id='word_1_202' title='bbox 2306 3142 2415 3205; x_wconf 88' lang='lat' dir='ltr'>aut</span> <span class='ocrx_word' id='word_1_203' title='bbox 2460 3159 2706 3206; x_wconf 86' lang='lat' dir='ltr'>annona</span> <span class='ocrx_word' id='word_1_204' title='bbox 2750 3158 2977 3203; x_wconf 84' lang='lat' dir='ltr'>eonsu-</span> 
     </span>
     <span class='ocr_line' id='line_1_23' title="bbox 901 3251 2779 3339; baseline -0.001 -22"><span class='ocrx_word' id='word_1_205' title='bbox 901 3251 1274 3339; x_wconf 81' lang='lat' dir='ltr'>matur3¹⁴⁷)</span> <span class='ocrx_word' id='word_1_206' title='bbox 1321 3290 1404 3299; x_wconf 88' lang='lat'>-—</span> <span class='ocrx_word' id='word_1_207' title='bbox 1451 3252 1664 3316; x_wconf 91' lang='lat' dir='ltr'>Aurel.</span> <span class='ocrx_word' id='word_1_208' title='bbox 1712 3254 1829 3331; x_wconf 88' lang='grc'>47,</span> <span class='ocrx_word' id='word_1_209' title='bbox 1878 3254 1953 3317; x_wconf 91' lang='lat'>4:</span> <span class='ocrx_word' id='word_1_210' title='bbox 2001 3252 2067 3316; x_wconf 90' lang='lat' dir='ltr'>in</span> <span class='ocrx_word' id='word_1_211' title='bbox 2113 3253 2375 3316; x_wconf 90' lang='lat' dir='ltr'>inritum</span> <span class='ocrx_word' id='word_1_212' title='bbox 2421 3252 2653 3316; x_wconf 88' lang='lat' dir='ltr'>uenire.</span> <span class='ocrx_word' id='word_1_213' title='bbox 2712 3290 2779 3298; x_wconf 84' lang='lat'>—</span> 
     </span>
    </p>
   </div>
   <div class='ocr_carea' id='block_1_3' title="bbox 905 3405 1152 3411">
    <p class='ocr_par' dir='ltr' id='par_1_9' title="bbox 905 3405 1152 3411">
     <span class='ocr_line' id='line_1_24' title="bbox 905 3405 1152 3411; baseline 0 0"><span class='ocrx_word' id='word_1_214' title='bbox 905 3405 1152 3411; x_wconf 95' lang='lat' dir='ltr'> </span> 
     </span>
    </p>
   </div>
   <div class='ocr_carea' id='block_1_4' title="bbox 1162 3404 1315 3410">
    <p class='ocr_par' dir='ltr' id='par_1_10' title="bbox 1162 3404 1315 3410">
     <span class='ocr_line' id='line_1_25' title="bbox 1162 3404 1315 3410; baseline 0 0"><span class='ocrx_word' id='word_1_215' title='bbox 1162 3404 1315 3410; x_wconf 95' lang='lat' dir='ltr'> </span> 
     </span>
    </p>
   </div>
   <div class='ocr_carea' id='block_1_5' title="bbox 903 3446 3019 4480">
    <p class='ocr_par' dir='ltr' id='par_1_11' title="bbox 903 3446 3019 3712">
     <span class='ocr_line' id='line_1_26' title="bbox 1117 3446 3019 3519; baseline 0 -15"><span class='ocrx_word' id='word_1_216' title='bbox 1117 3453 1201 3518; x_wconf 73' lang='lat'>¹4⁵)</span> <span class='ocrx_word' id='word_1_217' title='bbox 1240 3453 1318 3506; x_wconf 83' lang='lat' dir='ltr'>ita</span> <span class='ocrx_word' id='word_1_218' title='bbox 1352 3458 1475 3506; x_wconf 84' lang='lat' dir='ltr'>test.</span> <span class='ocrx_word' id='word_1_219' title='bbox 1503 3451 1654 3505; x_wconf 85' lang='lat' dir='ltr'>Jord.</span> <span class='ocrx_word' id='word_1_220' title='bbox 1695 3451 1850 3505; x_wconf 89' lang='lat' dir='ltr'><strong>codd.</strong></span> <span class='ocrx_word' id='word_1_221' title='bbox 1888 3481 1954 3491; x_wconf 93' lang='lat'>--</span> <span class='ocrx_word' id='word_1_222' title='bbox 1992 3467 2130 3519; x_wconf 83' lang='lat' dir='ltr'>quae</span> <span class='ocrx_word' id='word_1_223' title='bbox 2166 3452 2393 3519; x_wconf 86' lang='lat' dir='ltr'>Maduig</span> <span class='ocrx_word' id='word_1_224' title='bbox 2423 3454 2478 3505; x_wconf 88' lang='lat' dir='ltr'>in</span> <span class='ocrx_word' id='word_1_225' title='bbox 2514 3451 2729 3505; x_wconf 76' lang='lat' dir='ltr'>aduerS.</span> <span class='ocrx_word' id='word_1_226' title='bbox 2766 3451 2979 3519; x_wconf 87' lang='lat' dir='ltr'>profert</span> <span class='ocrx_word' id='word_1_227' title='bbox 3014 3446 3019 3449; x_wconf 76' lang='grc'><strong>’</strong></span> 
     </span>
     <span class='ocr_line' id='line_1_27' title="bbox 903 3547 2975 3615; baseline -0.001 -13"><span class='ocrx_word' id='word_1_228' title='bbox 903 3556 963 3602; x_wconf 86' lang='lat' dir='ltr'>ut</span> <span class='ocrx_word' id='word_1_229' title='bbox 997 3549 1311 3603; x_wconf 84' lang='lat' dir='ltr'>lectionem:</span> <span class='ocrx_word' id='word_1_230' title='bbox 1363 3548 1802 3615; x_wconf 82' lang='lat' dir='ltr'>„contemptum“</span> <span class='ocrx_word' id='word_1_231' title='bbox 1854 3548 2015 3615; x_wconf 88' lang='lat' dir='ltr'>uolgo</span> <span class='ocrx_word' id='word_1_232' title='bbox 2058 3562 2197 3615; x_wconf 86' lang='lat' dir='ltr'>quae</span> <span class='ocrx_word' id='word_1_233' title='bbox 2248 3554 2331 3600; x_wconf 87' lang='lat' dir='ltr'>est</span> <span class='ocrx_word' id='word_1_234' title='bbox 2368 3547 2641 3615; x_wconf 84' lang='lat' dir='ltr'>defendat,</span> <span class='ocrx_word' id='word_1_235' title='bbox 2693 3564 2799 3601; x_wconf 88' lang='lat' dir='ltr'>non</span> <span class='ocrx_word' id='word_1_236' title='bbox 2848 3553 2975 3601; x_wconf 80' lang='lat' dir='ltr'>sunt</span> 
     </span>
     <span class='ocr_line' id='line_1_28' title="bbox 904 3642 2042 3712; baseline -0.004 -15"><span class='ocrx_word' id='word_1_237' title='bbox 904 3644 1068 3712; x_wconf 80' lang='lat' dir='ltr'>digna</span> <span class='ocrx_word' id='word_1_238' title='bbox 1105 3659 1244 3712; x_wconf 87' lang='lat' dir='ltr'>quae</span> <span class='ocrx_word' id='word_1_239' title='bbox 1281 3643 1530 3711; x_wconf 86' lang='lat' dir='ltr'>pluribus</span> <span class='ocrx_word' id='word_1_240' title='bbox 1569 3642 1923 3697; x_wconf 84' lang='lat' dir='ltr'>reffellantur.</span> <span class='ocrx_word' id='word_1_241' title='bbox 1974 3673 2042 3682; x_wconf 91' lang='lat'>--</span> 
     </span>
    </p>

    <p class='ocr_par' dir='ltr' id='par_1_12' title="bbox 903 3738 2976 3998">
     <span class='ocr_line' id='line_1_29' title="bbox 1111 3738 2976 3808; baseline 0 -15"><span class='ocrx_word' id='word_1_242' title='bbox 1111 3741 1196 3808; x_wconf 74' lang='lat'>¹4⁸)</span> <span class='ocrx_word' id='word_1_243' title='bbox 1222 3740 1279 3793; x_wconf 86' lang='lat' dir='ltr'>in</span> <span class='ocrx_word' id='word_1_244' title='bbox 1303 3739 1506 3793; x_wconf 84' lang='lat' dir='ltr'>factum</span> <span class='ocrx_word' id='word_1_245' title='bbox 1537 3739 1704 3791; x_wconf 88' lang='lat' dir='ltr'>BPM.</span> <span class='ocrx_word' id='word_1_246' title='bbox 1729 3738 1891 3791; x_wconf 85' lang='lat' dir='ltr'>Peter</span> <span class='ocrx_word' id='word_1_247' title='bbox 1926 3738 2183 3791; x_wconf 85' lang='lat' dir='ltr'>uidelicet</span> <span class='ocrx_word' id='word_1_248' title='bbox 2222 3739 2508 3793; x_wconf 81' lang='lat' dir='ltr'>locutionis</span> <span class='ocrx_word' id='word_1_249' title='bbox 2540 3740 2596 3792; x_wconf 90' lang='lat' dir='ltr'>ui</span> <span class='ocrx_word' id='word_1_250' title='bbox 2624 3755 2734 3793; x_wconf 89' lang='lat' dir='ltr'>non</span> <span class='ocrx_word' id='word_1_251' title='bbox 2760 3741 2976 3807; x_wconf 82' lang='lat' dir='ltr'>cognita</span> 
     </span>
     <span class='ocr_line' id='line_1_30' title="bbox 903 3832 2973 3904; baseline -0.002 -15"><span class='ocrx_word' id='word_1_252' title='bbox 903 3842 1105 3889; x_wconf 84' lang='lat' dir='ltr'>temere</span> <span class='ocrx_word' id='word_1_253' title='bbox 1143 3837 1297 3904; x_wconf 81' lang='lat' dir='ltr'>„sine</span> <span class='ocrx_word' id='word_1_254' title='bbox 1347 3834 1529 3888; x_wconf 82' lang='lat' dir='ltr'>fastu“</span> <span class='ocrx_word' id='word_1_255' title='bbox 1569 3848 1707 3901; x_wconf 87' lang='lat' dir='ltr'>quae</span> <span class='ocrx_word' id='word_1_256' title='bbox 1744 3832 1905 3900; x_wconf 89' lang='lat' dir='ltr'>uolgo</span> <span class='ocrx_word' id='word_1_257' title='bbox 1949 3833 2203 3901; x_wconf 85' lang='lat' dir='ltr'>leguntur</span> <span class='ocrx_word' id='word_1_258' title='bbox 2239 3835 2473 3902; x_wconf 82' lang='lat' dir='ltr'>recepit3</span> <span class='ocrx_word' id='word_1_259' title='bbox 2525 3835 2628 3901; x_wconf 87' lang='lat' dir='ltr'>„in</span> <span class='ocrx_word' id='word_1_260' title='bbox 2676 3834 2973 3887; x_wconf 83' lang='lat' dir='ltr'>factum“</span> 
     </span>
     <span class='ocr_line' id='line_1_31' title="bbox 903 3928 2899 3998; baseline -0.001 -13"><span class='ocrx_word' id='word_1_261' title='bbox 903 3932 1046 3985; x_wconf 90' lang='lat' dir='ltr'>idem</span> <span class='ocrx_word' id='word_1_262' title='bbox 1083 3938 1166 3985; x_wconf 81' lang='lat' dir='ltr'>est</span> <span class='ocrx_word' id='word_1_263' title='bbox 1196 3936 1356 3998; x_wconf 83' lang='lat' dir='ltr'>atque</span> <span class='ocrx_word' id='word_1_264' title='bbox 1396 3930 1511 3998; x_wconf 89' lang='lat' dir='ltr'>„de</span> <span class='ocrx_word' id='word_1_265' title='bbox 1548 3928 1575 3981; x_wconf 88' lang='lat' dir='ltr'>f</span> <span class='ocrx_word' id='word_1_266' title='bbox 1583 3930 1773 3982; x_wconf 86' lang='lat' dir='ltr'>aoto“</span> <span class='ocrx_word' id='word_1_267' title='bbox 1811 3928 1955 3995; x_wconf 87' lang='lat' dir='ltr'>quod</span> <span class='ocrx_word' id='word_1_268' title='bbox 1991 3928 2384 3983; x_wconf 85' lang='lat' dir='ltr'>recentioribus</span> <span class='ocrx_word' id='word_1_269' title='bbox 2422 3930 2477 3983; x_wconf 91' lang='lat' dir='ltr'>in</span> <span class='ocrx_word' id='word_1_270' title='bbox 2514 3945 2615 3982; x_wconf 82' lang='lat' dir='ltr'>usu</span> <span class='ocrx_word' id='word_1_271' title='bbox 2654 3935 2789 3983; x_wconf 83' lang='lat' dir='ltr'>erat.</span> <span class='ocrx_word' id='word_1_272' title='bbox 2841 3960 2899 3969; x_wconf 96' lang='lat'><strong>—</strong></span> 
     </span>
    </p>

    <p class='ocr_par' dir='ltr' id='par_1_13' title="bbox 903 4024 2975 4480">
     <span class='ocr_line' id='line_1_32' title="bbox 1112 4024 2973 4096; baseline -0.001 -17"><span class='ocrx_word' id='word_1_273' title='bbox 1112 4028 1195 4096; x_wconf 74' lang='lat'>¹4²)</span> <span class='ocrx_word' id='word_1_274' title='bbox 1232 4026 1459 4093; x_wconf 83' lang='lat' dir='ltr'>Maduig</span> <span class='ocrx_word' id='word_1_275' title='bbox 1493 4026 1549 4077; x_wconf 88' lang='lat' dir='ltr'>in</span> <span class='ocrx_word' id='word_1_276' title='bbox 1599 4024 1811 4078; x_wconf 85' lang='lat' dir='ltr'>aduers.</span> <span class='ocrx_word' id='word_1_277' title='bbox 1861 4024 1929 4076; x_wconf 90' lang='lat' dir='ltr'>Il.</span> <span class='ocrx_word' id='word_1_278' title='bbox 1967 4040 2019 4091; x_wconf 90' lang='lat' dir='ltr'>p.</span> <span class='ocrx_word' id='word_1_279' title='bbox 2058 4026 2210 4077; x_wconf 87' lang='lat'>647:</span> <span class='ocrx_word' id='word_1_280' title='bbox 2263 4025 2355 4092; x_wconf 85' lang='lat' dir='ltr'>„in</span> <span class='ocrx_word' id='word_1_281' title='bbox 2404 4040 2603 4078; x_wconf 87' lang='lat' dir='ltr'>uanum</span> <span class='ocrx_word' id='word_1_282' title='bbox 2656 4025 2732 4090; x_wconf 88' lang='lat' dir='ltr'>(in</span> <span class='ocrx_word' id='word_1_283' title='bbox 2771 4041 2973 4078; x_wconf 80' lang='lat' dir='ltr'>uanum</span> 
     </span>
     <span class='ocr_line' id='line_1_33' title="bbox 904 4119 2975 4190; baseline -0.001 -14"><span class='ocrx_word' id='word_1_284' title='bbox 904 4123 1048 4176; x_wconf 88' lang='lat' dir='ltr'>unde</span> <span class='ocrx_word' id='word_1_285' title='bbox 1087 4122 1232 4175; x_wconf 83' lang='lat' dir='ltr'>Galli</span> <span class='ocrx_word' id='word_1_286' title='bbox 1280 4138 1346 4175; x_wconf 90' lang='lat' dir='ltr'>en</span> <span class='ocrx_word' id='word_1_287' title='bbox 1381 4122 1525 4190; x_wconf 84' lang='lat' dir='ltr'>vain)</span> <span class='ocrx_word' id='word_1_288' title='bbox 1575 4136 1675 4187; x_wconf 90' lang='lat' dir='ltr'>pro</span> <span class='ocrx_word' id='word_1_289' title='bbox 1725 4120 1985 4173; x_wconf 85' lang='lat' dir='ltr'>aduerbio</span> <span class='ocrx_word' id='word_1_290' title='bbox 2036 4119 2241 4172; x_wconf 85' lang='lat' dir='ltr'>frustra</span> <span class='ocrx_word' id='word_1_291' title='bbox 2290 4126 2540 4188; x_wconf 83' lang='lat' dir='ltr'>coeptum</span> <span class='ocrx_word' id='word_1_292' title='bbox 2588 4126 2673 4173; x_wconf 83' lang='lat' dir='ltr'>est</span> <span class='ocrx_word' id='word_1_293' title='bbox 2717 4120 2824 4173; x_wconf 89' lang='lat' dir='ltr'>dici</span> <span class='ocrx_word' id='word_1_294' title='bbox 2869 4120 2975 4173; x_wconf 86' lang='lat' dir='ltr'>hac</span> 
     </span>
     <span class='ocr_line' id='line_1_34' title="bbox 905 4216 2975 4286; baseline -0.001 -14"><span class='ocrx_word' id='word_1_295' title='bbox 905 4225 1101 4286; x_wconf 81' lang='lat' dir='ltr'>aetate,</span> <span class='ocrx_word' id='word_1_296' title='bbox 1154 4218 1600 4286; x_wconf 83' lang='lat' dir='ltr'>quemadmodum</span> <span class='ocrx_word' id='word_1_297' title='bbox 1651 4216 1780 4269; x_wconf 85' lang='lat' dir='ltr'>olim</span> <span class='ocrx_word' id='word_1_298' title='bbox 1816 4217 1870 4268; x_wconf 92' lang='lat' dir='ltr'>in</span> <span class='ocrx_word' id='word_1_299' title='bbox 1915 4231 2128 4269; x_wconf 79' lang='lat' dir='ltr'>cassum</span> <span class='ocrx_word' id='word_1_300' title='bbox 2180 4218 2255 4281; x_wconf 89' lang='lat' dir='ltr'>(in</span> <span class='ocrx_word' id='word_1_301' title='bbox 2299 4222 2487 4282; x_wconf 83' lang='lat' dir='ltr'>totum,</span> <span class='ocrx_word' id='word_1_302' title='bbox 2538 4217 2593 4269; x_wconf 91' lang='lat' dir='ltr'>in</span> <span class='ocrx_word' id='word_1_303' title='bbox 2636 4222 2860 4284; x_wconf 82' lang='lat' dir='ltr'>tantum,</span> <span class='ocrx_word' id='word_1_304' title='bbox 2917 4219 2975 4270; x_wconf 89' lang='lat' dir='ltr'>in</span> 
     </span>
     <span class='ocr_line' id='line_1_35' title="bbox 905 4312 2973 4381; baseline -0.001 -12"><span class='ocrx_word' id='word_1_305' title='bbox 905 4331 1200 4381; x_wconf 84' lang='lat' dir='ltr'>commune,</span> <span class='ocrx_word' id='word_1_306' title='bbox 1247 4316 1302 4367; x_wconf 89' lang='lat' dir='ltr'>in</span> <span class='ocrx_word' id='word_1_307' title='bbox 1350 4315 1638 4381; x_wconf 88' lang='lat' dir='ltr'>reliquum)</span> <span class='ocrx_word' id='word_1_308' title='bbox 1695 4312 1841 4380; x_wconf 85' lang='lat' dir='ltr'>apud</span> <span class='ocrx_word' id='word_1_309' title='bbox 1891 4312 2175 4365; x_wconf 83' lang='lat' dir='ltr'>Senecam:</span> <span class='ocrx_word' id='word_1_310' title='bbox 2225 4314 2282 4365; x_wconf 89' lang='lat' dir='ltr'>in</span> <span class='ocrx_word' id='word_1_311' title='bbox 2331 4328 2740 4380; x_wconf 79' lang='lat' dir='ltr'>superuacuum.</span> <span class='ocrx_word' id='word_1_312' title='bbox 2811 4318 2973 4380; x_wconf 84' lang='lat' dir='ltr'>atque</span> 
     </span>
     <span class='ocr_line' id='line_1_36' title="bbox 903 4408 2973 4480; baseline -0.001 -16"><span class='ocrx_word' id='word_1_313' title='bbox 903 4413 1082 4480; x_wconf 86' lang='lat' dir='ltr'>ipsum</span> <span class='ocrx_word' id='word_1_314' title='bbox 1106 4411 1161 4463; x_wconf 89' lang='lat' dir='ltr'>in</span> <span class='ocrx_word' id='word_1_315' title='bbox 1186 4426 1385 4462; x_wconf 88' lang='lat' dir='ltr'>uanum</span> <span class='ocrx_word' id='word_1_316' title='bbox 1422 4425 1590 4476; x_wconf 87' lang='lat' dir='ltr'>prope</span> <span class='ocrx_word' id='word_1_317' title='bbox 1623 4408 1813 4461; x_wconf 88' lang='lat' dir='ltr'>eodem</span> <span class='ocrx_word' id='word_1_318' title='bbox 1839 4408 1995 4461; x_wconf 91' lang='lat' dir='ltr'>modo</span> <span class='ocrx_word' id='word_1_319' title='bbox 2020 4408 2256 4474; x_wconf 86' lang='lat' dir='ltr'>positum</span> <span class='ocrx_word' id='word_1_320' title='bbox 2279 4409 2549 4475; x_wconf 85' lang='lat' dir='ltr'>reperitur</span> <span class='ocrx_word' id='word_1_321' title='bbox 2574 4409 2718 4477; x_wconf 86' lang='lat' dir='ltr'>apud</span> <span class='ocrx_word' id='word_1_322' title='bbox 2745 4409 2973 4463; x_wconf 88' lang='lat' dir='ltr'>eundem</span> 
     </span>
    </p>
   </div>
  </div>
 </body>
</html>
