3400 5317
1459 720 1520 726 ,-
1623 682 1881 744 57—-

617 872 700 937 de
747 872 933 936 uerbo
982 871 1145 955 quod
1188 871 1394 937 idonei
1441 872 1723 937 auctores
1769 875 2181 954 usurparunt:
2239 874 2316 937 cf.
2370 873 2532 935 Plin.
2584 874 2702 950 35,

617 986 654 1049 1
681 988 740 1049 0.
789 983 859 1070 (3
883 986 970 1068 6.)
1013 986 1144 1061 80;
1191 1020 1279 1031 --
1307 985 1407 1050 ΑΙ.
1444 985 1584 1049 Seu.
1618 987 1678 1062 4,
1729 985 1798 1049 2:
1848 1004 2130 1070 gemmas
2161 986 2237 1049 de
2273 984 2705 1051 calciamentis

615 1101 686 1162 et
715 1097 995 1164 uestibus
1031 1099 1215 1175 tulit:
1247 1136 1336 1145 -—-
1365 1099 1467 1163 ΑΙ.
1502 1098 1641 1165 Seu.
1679 1102 1717 1163 2
1740 1102 1799 1176 3,
1832 1101 1903 1163 4:
1938 1098 2012 1163 de
2044 1099 2390 1163 ministerio
2424 1098 2705 1190 abicere3

617 1212 700 1275 cf.
751 1215 996 1278 contra:
1056 1212 1137 1276 ib.
1187 1216 1302 1291 15,
1351 1215 1426 1277 2:
1489 1233 1542 1277 a.
1603 1232 1675 1277 ex
1734 1214 1938 1278 aulico
2001 1212 2385 1289 ministerio:
2439 1250 2507 1259 --
2584 1214 2705 1295 40,

618 1327 697 1389 8:
731 1326 805 1390 de
835 1326 1007 1391 Iouis
1037 1326 1274 1407 templo
1307 1345 1585 1401 sumere:
1621 1362 1712 1371 ——-
1737 1326 1923 1391 Auid.
1964 1325 2131 1392 Cass.
2168 1328 2225 1409 7,
2258 1329 2295 1390 2
2322 1348 2336 1390 :
2388 1326 2463 1389 de
2499 1324 2707 1389 medio

637 1437 896 1513 tollere:
948 1474 1024 1487 ··-
1075 1439 1238 1503 Max.
1291 1440 1404 1517 17,
1463 1442 1533 1503 2:
1599 1440 1674 1503 de
1722 1460 1804 1502 m.
1853 1440 2169 1515 recedere:
2215 1477 2303 1487 -
2346 1439 2481 1504 Car.
2535 1441 2590 1515 1,
2638 1440 2707 1503 3:

619 1552 871 1641 sublato
915 1552 991 1616 de
1038 1572 1122 1617 m.
1169 1553 1287 1617 tali
1335 1552 1741 1638 prinoipe⁰2);
1795 1590 1869 1599 —
1905 1553 2151 1638 Heliog.
2202 1554 2321 1632 35,
2370 1555 2409 1616 6
2445 1574 2458 1616 :
2508 1552 2599 1615 ita
2642 1553 2715 1615 ut

619 1663 784 1727 nihil
828 1684 1044 1729 eorum
1087 1666 1324 1729 uirtute
1357 1664 1706 1750 derogetur.
1759 1665 1974 1730 Peter:
2024 1665 2099 1729 de
2146 1685 2197 1729 e.
2246 1686 2343 1741 u.;
2399 1702 2469 1711 --
2524 1666 2705 1730 Peso.

619 1776 704 1841 N.
744 1779 774 1839 1
797 1780 855 1855 0,
892 1777 962 1841 1:
993 1777 1177 1841 iussit
1207 1780 1538 1862 argentum
1564 1778 1948 1843 summoueri
1973 1778 2048 1843 de
2072 1798 2191 1843 usu
2220 1778 2661 1861 expeditionali
2692 1806 2707 1857 3

626 1925 703 1936 —
755 1889 940 1955 Gord.
988 1891 1047 1967 8,
1096 1891 1167 1953 3;
1229 1891 1479 1954 sublata
1522 1891 1596 1955 de
1643 1891 1893 1955 uexillis
1939 1911 2247 1973 purpura:
2300 1928 2379 1936 -
2426 1891 2592 1975 Trig.
2658 1892 2705 1959 t.

623 2003 687 2080 5,
739 2004 802 2065 l:
850 2021 994 2066 cum
1040 2004 1304 2067 nutante
1337 2002 1457 2089 (ita
1487 2004 1691 2082 BPM)
1741 2004 2017 2070 Gallieni
2049 2005 2298 2068 luxuria
2327 2004 2393 2067 in
2426 2007 2706 2069 ueterem

625 2116 863 2179 statum
907 2134 1242 2179 romanum
1288 2116 1618 2183 formasset
1662 2116 2018 2200 imperium.
2040 2118 2118 2200 63)
2190 2154 2254 2163 -

840 2231 924 2295 Η.
973 2249 1040 2313 Ρ.
1087 2228 1514 2315 188-189,
1575 2230 1635 2295 3.
1702 2230 1876 2295 Alex.
1938 2229 2078 2296 Seu.
2141 2233 2258 2308 38,
2321 2234 2395 2295 4:
2467 2231 2541 2295 de
2589 2249 2709 2313 quo

647 2341 1020 2405 continuum
1066 2343 1236 2425 capit
1278 2343 1588 2426 leporem:
1644 2382 1714 2391 -—
1767 2344 1867 2409 ΑΙ.
1918 2343 2058 2409 Seu.
2122 2344 2235 2422 43,
2298 2346 2372 2408 4:
2435 2344 2510 2408 de
2571 2362 2712 2408 arca

646 2454 784 2518 fisci
831 2454 1009 2519 edere
1054 2476 1336 2520 munera.
1405 2494 1479 2505 -

840 2568 925 2634 Η.
980 2588 1048 2653 Ρ.
1109 2569 1300 2655 190,
1365 2570 1428 2637 5.
1513 2558 1715 2637 Maor.
1772 2574 1886 2649 15,
1936 2574 2016 2635 4:
2073 2591 2231 2653 quae
2279 2571 2353 2634 de
2414 2570 2711 2653 plurimis

643 2680 908 2745 collecta
955 2682 1278 2747 serenitati
1325 2685 1472 2749 tuae
1511 2664 1896 2760 detulimus:
1950 2723 2020 2731 --
2073 2685 2287 2748 Aurel.
2330 2686 2387 2760 9,
2437 2685 2507 2745 2:
2551 2682 2713 2745 acci-

636 2812 785 2875 pere
831 2794 905 2858 de
951 2796 1422 2876 prouinciarum
1478 2796 1928 2873 inlationibus:
1983 2834 2057 2843 ·-
2108 2797 2208 2861 ΑΙ.
2268 2796 2407 2861 Seu.
2460 2797 2576 2873 58,
2640 2796 2711 2858 4:

639 2905 775 2969 sola
820 2926 978 2989 quae
1025 2908 1100 2972 de
1145 2907 1433 2973 hostibus
1482 2911 1663 2992 capta
1710 2912 1876 2974 sunt.
1948 2948 2016 2955 —--—
2674 2912 2679 2915 ’

840 3021 925 3085 Η.
971 3042 1035 3106 Ρ.
1085 3020 1226 3102 191,
1277 3021 1426 3105 6.⁶⁴)
1473 3022 1571 3087 Al.
1623 3022 1764 3087 Seu.
1816 3024 1935 3103 54,
1970 3027 2039 3088 2:
2105 3024 2213 3107 qui
2262 3042 2362 3087 me
2408 3020 2483 3086 de
2534 3021 2715 3085 uobis

632 3130 955 3208 uindicet:
987 3171 1077 3183 --
1106 3133 1299 3198 Seuer
1334 3138 1363 3198 1
1391 3137 1445 3212 1,
1497 3138 1568 3199 3:
1620 3154 1684 3199 se
1719 3127 1805 3199 de'
1829 3138 2052 3201 senatu
2086 3136 2341 3212 ulcisci:
2376 3173 2457 3180 -—⁴·
2497 3134 2712 3199 Aurel.

845 3343 909 3412 ⁸²)
949 3343 1102 3397 codd.
1143 3343 1276 3411 „de“
1316 3359 1417 3397 om.
1457 3344 1635 3411 legas:
1675 3344 1742 3396 de
1780 3360 1847 3395 m.
1889 3374 1953 3383 --
1992 3344 2122 3397 edd:
2162 3361 2191 3397 e
2229 3343 2420 3398 medio.
2448 3374 2500 3381 -—

845 3441 908 3508 ⁸³)
949 3439 1207 3493 Salmas:
1245 3444 1446 3492 nutans
1487 3454 1545 3506 e:
1585 3445 1642 3492 at
1680 3439 2023 3494 scribendum
2056 3440 2295 3493 uidetur:
2336 3446 2565 3508 „nutans
2592 3440 2714 3507 de,“

634 3537 853 3592 conlato
890 3537 1010 3589 loco
1049 3534 1192 3604 apud
1233 3536 1373 3605 Sym.
1414 3551 1496 3603 ep.
1536 3538 1629 3589 62:
1682 3541 1845 3603 atque
1882 3537 1959 3589 ita
2009 3526 2147 3590 uisa
2173 3543 2255 3589 est
2306 3537 2715 3604 supplicationis

635 3633 775 3686 fides
813 3634 977 3686 etiam
1015 3632 1081 3685 de
1120 3637 1340 3685 auctore
1377 3637 1586 3685 nutare.
1624 3662 1690 3670 —

848 3728 911 3794 ⁶4)
940 3727 1022 3781 cf.:
1051 3728 1229 3781 Plaut.
1257 3728 1408 3795 Capt.
1435 3728 1571 3795 prol.
1610 3731 1719 3795 343
1744 3728 1813 3781 ib.
1847 3732 1890 3794 1,
1918 3732 1967 3795 2,
1995 3732 2055 3796 23
2082 3729 2181 3795 Ep.
2220 3733 2263 3795 1,
2289 3720 2341 3796 '1,
2367 3732 2473 3797 423
2511 3728 2580 3781 ib.
2620 3730 2717 3795 623

641 3823 799 3876 Cure.
836 3827 886 3889 2,
926 3826 974 3890 3,
1011 3825 1120 3891 643
1157 3824 1261 3891 Ep.
1301 3828 1350 3892 2,
1390 3827 1439 3890 2,
1479 3825 1635 3891 ,1163
1674 3824 1745 3876 ib.
1785 3826 1833 3891 3,
1873 3827 1921 3891 4,
1960 3826 2067 3891 593
2105 3824 2267 3877 Most.
2293 3828 2341 3890 3,
2386 3829 2429 3891 l,
2473 3827 2596 3877 139
2636 3840 2712 3891 sq.

636 3919 800 3971 Poen.
838 3923 885 3986 4,
925 3923 973 3986 2,
1011 3922 1090 3971 74
1127 3934 1205 3986 sq:
1256 3920 1406 3972 Pers,
1445 3934 1558 3985 arg.
1609 3922 1657 3971 3.
1695 3918 1834 3973 Rud.
1872 3919 2008 3987 prol.
2048 3923 2154 3987 403
2204 3920 2274 3973 ib.
2313 3924 2421 3988 813
2474 3920 2622 3973 Trin.
2665 3925 2713 3987 1,

638 4024 689 4084 2,
732 4021 828 4086 873
877 4019 948 4072 ib.
1000 4022 1110 4083 793
1162 4020 1211 4083 4,
1253 4019 1302 4082 2,
1347 4018 1440 4083 ]4;
1482 4015 1641 4067 Truc.
1686 4017 1735 4081 3,
1781 4020 1824 4082 1,
1865 4018 1923 4083 53
1962 4016 2299 4083 Kampmann
2340 4017 2429 4083 qui
2469 4017 2715 4084 exempla

637 4114 775 4167 haec
812 4114 1060 4181 conlegit,
1093 4114 1169 4181 ‚in
1206 4112 1466 4181 opusculo
1505 4111 1670 4164 citato
1708 4126 1761 4178 p.
1799 4113 1847 4163 9.
1902 4110 2003 4179 Ep.
2041 4112 2104 4165 V.
2147 4116 2191 4178 1,
2235 4117 2289 4164 1:
2332 4112 2508 4178 „male
2546 4112 2711 4164 mori-

642 4224 805 4277 gerus
831 4210 963 4262 mihi
989 4214 1071 4262 est
1098 4208 1312 4261 danista
1338 4208 1429 4275 qui
1456 4206 1522 4259 de
1561 4222 1646 4259 me
1674 4212 1958 4274 argentum
1982 4223 2089 4259 non
2112 4208 2305 4274 petit‚“
2343 4208 2420 4260 ita
2459 4208 2715 4273 castigat:

639 4319 914 4372 nunquam
939 4305 1221 4372 quisquam
1246 4304 1611 4357 Romanorum
1640 4302 1777 4355 dixit
1805 4308 2027 4370 „petere
2055 4302 2260 4370 aliquid
2290 4302 2355 4355 de
2394 4303 2628 4370 aliquo.“
2650 4334 2716 4342 —

639 4400 849 4453 numeri
899 4399 1133 4452 concedo
1170 4416 1277 4452 non
1335 4404 1600 4466 constant,
1655 4400 1712 4452 in
1749 4400 2148 4467 praepositione
2186 4406 2365 4452 autem
2404 4415 2469 4451 ex
2506 4400 2715 4453 ratione
