3400 5317
1243 663 1663 724 ...19....

404 846 437 908 1
461 847 521 924 2,
585 847 662 910 2:
727 848 803 911 ad
876 848 1294 913 uicensimam
1355 849 1806 914 hereditatium
1869 848 2212 913 mulionem
2273 865 2486 911 curare

411 957 719 1041 iussit¹⁹).
782 997 865 1004 ——
1078 1031 1084 1036 ,

612 1073 703 1137 Η.
770 1093 833 1156 p.
883 1071 1057 1154 122,
1119 1071 1183 1139 3.
1234 1102 1318 1128 ---
1365 1076 1679 1158 Draeger
1721 1074 1816 1156 1²,
1876 1073 2057 1154 578,
2105 1090 2204 1153 sq.
2238 1071 2486 1155 Heliog.

402 1185 521 1260 25,
571 1185 645 1247 4:
694 1184 937 1249 efficere
986 1185 1068 1249 ad
1109 1205 1363 1261 uerum:
1413 1224 1495 1232 —-
1539 1188 1717 1251 Pesc.
1763 1185 1844 1250 N.
1893 1184 1952 1262 6,
2015 1185 2090 1248 5:
2137 1183 2364 1266 capillo
2411 1183 2479 1278 in

407 1296 713 1360 uerticem
737 1296 816 1360 ad
840 1298 1107 1381 gratiam
1131 1300 1390 1376 reflexo:
1420 1336 1495 1346 —
1523 1299 1691 1384 Trig.
1718 1301 1765 1362 t.
1799 1301 1916 1376 30,
1949 1301 1987 1360 2
2007 1298 2040 1360 1
2067 1320 2082 1361 :
2115 1297 2488 1380 loquebatur

410 1409 771 1493 aegyptiace
818 1411 897 1474 ad
942 1411 1290 1492 perfectum
1338 1412 1629 1487 modum:
1676 1449 1762 1459 --
1809 1410 1875 1476 C.
1924 1412 1975 1474 I.
2026 1411 2094 1474 L.
2145 1411 2377 1486 1523,
2427 1410 2485 1473 b.

409 1521 494 1605 (c)
542 1523 616 1585 9:
665 1522 939 1586 uiximus
988 1523 1064 1588 ad
1112 1525 1354 1588 satiem.
1408 1563 1491 1572 --

610 1635 696 1700 Η.
756 1654 824 1717 p.
888 1635 1068 1719 126,
1128 1637 1195 1702 6.
1256 1637 1656 1719 saepissime:
1737 1637 1850 1712 „ad
1910 1636 2046 1713 hoc,
2108 1634 2185 1698 ad
2245 1633 2328 1710 id,
2407 1634 2483 1698 ad

405 1747 601 1828 quod“
674 1765 893 1812 sensu:
967 1747 1173 1824 „ideo“
1243 1749 1349 1812 uel
1395 1750 1645 1830 propter
1691 1749 1931 1812 dictum
1991 1747 2240 1811 obuiam
2299 1746 2479 1808 fiunt.

403 1879 603 1941 pauca
660 1860 944 1941 exempla
1004 1861 1341 1942 adponam:
1406 1861 1593 1926 Gord.
1641 1863 1700 1939 3,
1764 1863 1834 1936 2;
1898 1861 2014 1939 10,
2073 1861 2144 1923 21
2205 1859 2350 1923 illos
2409 1858 2486 1922 ad

403 1972 519 2036 hoc
566 1974 887 2046 creuerat:
936 1975 1052 2050 30,
1104 1974 1176 2037 7:
1222 1974 1301 2038 ad
1348 1974 1465 2038 hoc
1512 1976 1928 2040 consenserat.
1993 2011 2071 2020 —

616 2086 705 2150 Η.
736 2105 805 2168 p.
834 2085 868 2150 l
888 2085 926 2149 2
950 2086 1008 2165 7,
1042 2086 1101 2150 5.
1155 2085 1469 2168 propriam
1503 2087 1821 2151 notionem
1854 2086 2262 2168 temporalem
2295 2085 2485 2149 habet

412 2198 527 2273 „ad
594 2199 886 2279 tempus“
962 2199 1126 2280 quod
1196 2218 1321 2262 non
1396 2199 1711 2283 significat
1763 2202 1837 2264 ut
1889 2200 2054 2282 apud
2122 2197 2484 2263 Ciceronem

404 2310 568 2392 quod
615 2311 867 2392 tempus
931 2311 1213 2391 postulat
1274 2311 1406 2375 siue
1470 2313 1770 2394 temporis
1833 2311 1954 2375 fert
2014 2311 2312 2388 condiciO,
2375 2310 2486 2375 sed

403 2422 566 2504 quod
621 2422 737 2486 hoc
782 2423 918 2504 ipso
965 2429 1249 2504 tempore
1289 2423 1394 2487 uel
1442 2424 1519 2489 ad
1562 2443 1859 2506 praesens
1905 2423 1997 2487 fit.
2059 2424 2250 2487 Hadr.
2300 2425 2358 2499 6,
2410 2425 2482 2486 8:

399 2534 794 2598 Tuberonem
840 2534 1271 2598 Mauretaniae
1318 2535 1396 2598 ad
1440 2537 1697 2618 'tempus
1758 2536 2088 2618 praefecit:
2151 2535 2228 2598 cf.
2293 2535 2480 2618 Apul.

398 2648 548 2710 met.
598 2647 789 2716 517:
840 2666 953 2710 nec
1002 2647 1119 2711 hoc
1166 2647 1244 2710 ad
1289 2648 1539 2729 tempus
1587 2667 1906 2730 compono.
1972 2687 2051 2694 —

611 2760 698 2824 H.
730 2779 796 2842 p.
826 2758 1241 2825 128-129.
1277 2760 1353 2826 V.
1388 2760 1583 2824 Macr.
1631 2763 1684 2838 1,
1720 2761 1794 2824 2:
1829 2760 1905 2824 ad
1939 2761 2104 2824 diem
2139 2749 2477 2844 quodcum-

400 2892 520 2956 que
568 2872 802 2948 facere:
852 2874 929 2937 ad
978 2872 1145 2937 diem
1189 2902 1271 2928 =
1318 2874 1575 2948 cotidie3
1631 2874 1812 2937 Prob.
1863 2875 1920 2950 8,
1970 2875 2046 2937 3:
2095 2876 2352 2938 centum
2399 2873 2479 2937 ad

400 2984 568 3048 diem
629 2985 808 3050 milia
868 3005 1149 3061 currere:
1220 2985 1321 3050 Al.
1409 2984 1551 3049 Seu,
1633 2986 1751 3061 37,
1813 2988 1890 3063 33
1963 2986 2128 3050 Gall.
2205 2986 2321 3062 17,
2405 2987 2477 3058 43

398 3096 592 3161 Firm.
641 3099 701 3174 4,
744 3099 809 3170 ,2.
878 3137 957 3144 ——

609 3212 696 3276 Η.
727 3231 794 3294 p.
832 3210 996 3294 131,
1023 3211 1112 3276 ll.
1146 3229 1246 3292 sq.
1278 3211 1523 3295 Heliog.
1575 3211 1677 3290 15,
1727 3214 1796 3275 6:
1848 3212 1925 3276 ad
1957 3213 2305 3275 extremum
2336 3230 2480 3274 cum

398 3322 457 3385 ei
504 3322 647 3386 auia
695 3324 758 3386 et
803 3325 1006 3387 mater
1052 3323 1320 3399 diceret:
1368 3361 1454 3369 —-
1497 3324 1664 3408 Trig.
1713 3326 1759 3387 t.
1812 3326 1925 3388 12.
1992 3326 2065 3388 l:
2115 3324 2193 3388 ad
2236 3325 2478 3406 postre-

400 3503 667 3563 „dictator
715 3505 1039 3557 memoriae“
1091 3503 1231 3556 idem
1284 3505 1497 3557 omnino
1549 3510 1683 3568 erat,
1740 3511 1795 3557 et
1843 3507 1889 3557 is
1940 3511 2058 3558 erat
2106 3504 2268 3572 plane
2318 3520 2476 3571 quem

397 3599 595 3651 Graeci
632 3598 888 3652 dixerunt
924 3597 1259 3670 οἶπογραφέα
1293 3601 1389 3667 τῆς·
1423 3599 1636 3668 μνήμης.
1654 3601 1687 3628 “
1726 3631 1793 3638 -

608 3695 671 3759 ³⁹)
711 3695 865 3749 locus
904 3703 1191 3765 corruptus
1230 3696 1393 3750 Gord.
1444 3699 1539 3763 25,
1591 3699 1651 3748 3:
1702 3697 1833 3762 quid
1870 3698 2011 3750 enim
2059 3695 2296 3749 facerem
2331 3694 2475 3761 quod

395 3789 467 3843 ad
504 3789 729 3844 Mauros
767 3791 873 3858 (me
910 3791 1064 3844 addit
1089 3792 1339 3856 Salmas)
1380 3791 1642 3844 uenderet
1680 3797 1736 3844 et
1773 3792 1998 3844 consilio
2037 3807 2156 3844 cum
2191 3789 2474 3844 Gaudiano

396 3892 451 3939 et
488 3885 811 3938 Reuerendo
862 3891 916 3938 et
952 3887 1211 3940 Montano
1260 3888 1448 3940 habito
1496 3888 1584 3940 uel
1635 3887 1889 3940 laudaret
1935 3887 2150 3952 aliquos
2200 3886 2287 3938 uel
2333 3887 2474 3938 uitu-

393 3989 645 4049 peraret3
694 4012 763 4019 —
814 3981 1043 4035 Salmas.
1092 3982 1161 4035 II.
1212 3999 1265 4049 p.
1318 3986 1456 4050 117,
1505 3983 1568 4036 b:
1620 3982 1724 4050 „ad
1766 3983 1990 4036 Mauros
2037 3988 2121 4034 est
2167 3980 2476 4049 praefectus

394 4078 486 4130 uel
523 4078 868 4146 praepositus
894 4077 1237 4144 Maurorum3
1276 4094 1401 4131 nam
1436 4078 1746 4146 praefectus
1775 4095 1807 4132 a
1831 4078 2039 4131 Mauris
2078 4083 2132 4129 et
2166 4075 2476 4145 praefectus

394 4173 467 4226 ad
503 4173 727 4226 Mauros
766 4178 819 4225 et
855 4172 1167 4240 praefactus
1204 4173 1521 4226 Maurorum
1559 4173 1904 4240 dicebatur;“
1944 4203 2008 4211 —
2045 4172 2252 4225 Peten:
2299 4170 2474 4239 „quod

390 4267 611 4322 Admau
659 4268 725 4336 †
775 4283 875 4321 nos
926 4268 1237 4335 uenderet,“
1286 4268 1688 4337 Eyssenhardt:
1746 4268 1954 4335 ..quoad
2002 4283 2101 4320 nos
2149 4266 2474 4334 uenderet;“

392 4363 541 4432 quod
582 4364 799 4418 defendi
835 4382 943 4418 non
980 4370 1175 4433 potest.
1230 4396 1293 4403 —
