3400 5317
1587 653 2022 715 —25—

770 843 946 906 Pesc.
994 843 1146 926 Nig.
1192 847 1253 921 ὅ,
1303 845 1375 920 7;
1424 844 1595 909 Com.
1648 846 1764 920 13,
1811 845 1886 918 53
1933 843 2109 926 Trig.
2157 844 2206 906 t.
2255 842 2371 919 26,
2419 843 2496 918 4;
2543 879 2628 887 -—-
2675 844 2736 918 6,
2785 843 2860 904 8:

770 955 997 1020 ciuitas
1043 977 1154 1039 per
1196 957 1437 1020 milites
1482 960 1765 1032 uastata:
1818 994 1893 1003 —
1944 957 2116 1022 Com.
2169 958 2198 1018 1
2223 960 2282 1032 3,
2337 959 2410 1019 6:
2484 956 2704 1020 sedare
2749 975 2862 1037 per
2969 985 2978 995 -

772 1067 1081 1150 aliquem:
1132 1071 1163 1132 1
1186 1072 1246 1146 4,
1280 1073 1357 1134 6:
1390 1070 1659 1134 uendere
1692 1091 1752 1152 p.
1787 1070 2098 1151 aliquem:
2151 1071 2182 1132 1
2208 1071 2266 1146 7,
2299 1072 2370 1133 2:
2403 1089 2514 1152 per
2545 1068 2858 1131 athletam

774 1199 919 1244 eum
964 1182 1472 1266 strangulatum:
1547 1184 1663 1261 13,
1715 1185 1787 1246 8:
1837 1201 2018 1267 agere
2063 1201 2175 1264 per
2219 1183 2536 1264 aliquem:
2597 1180 2850 1263 Heliog.

775 1295 835 1370 9,
886 1294 960 1368 1;
1005 1293 1175 1376 Trig.
1223 1296 1341 1372 29,
1390 1297 1465 1369 2;
1529 1295 1747 1359 Claud.
1813 1296 1928 1372 17,
1971 1297 2044 1369 13
2105 1292 2320 1357 Aurel.
2383 1296 2498 1370 16,
2548 1295 2623 1368 3;
2669 1295 2730 1370 5,
2781 1293 2856 1368 4;

773 1404 910 1469 Car.
959 1407 1019 1482 3,
1068 1407 1141 1480 1:
1190 1405 1335 1469 Did.
1381 1407 1513 1471 Jul.
1564 1409 1623 1483 3,
1675 1410 1744 1482 1;
1794 1405 2063 1488 stipatus
2107 1408 2203 1469 est
2247 1424 2357 1488 per
2387 1404 2854 1480 Maurentium:

770 1517 963 1581 Marc.
1027 1519 1143 1595 24,
1208 1521 1282 1594 93
1343 1520 1460 1596 23,
1526 1521 1599 1594 4:
1648 1521 1708 1597 9,
1767 1521 1840 1595 1;
1885 1519 2003 1596 21,
2067 1520 2142 1594 2;
2189 1517 2334 1583 Ver.
2399 1521 2458 1595 9,
2523 1521 2599 1593 9:
2677 1517 2852 1582 Gom.

773 1629 833 1706 6,
900 1633 971 1704 1;
1048 1631 1235 1694 Gord.
1298 1633 1357 1709 9,
1423 1632 1496 1706 73
1572 1633 1690 1708 21,
1753 1634 1828 1706 2;
1891 1633 2008 1709 24,
2077 1634 2151 1706 9;
2217 1631 2384 1694 Pert.
2435 1632 2552 1708 10,
2635 1629 2858 1706 8314,

778 1742 907 1817 10;
982 1741 1127 1806 Alb.
1204 1744 1264 1820 6,
1333 1744 1405 1817 3:
1480 1743 1675 1807 Macr.
1740 1746 1800 1821 3,
1877 1746 1952 1819 2;
2017 1744 2180 1807 Max.
2259 1744 2373 1820 20,
2436 1743 2511 1819 2;
2595 1743 2703 1819 15,
2783 1743 2857 1816 6:

778 1855 896 1931 26,
944 1855 1016 1929 1;
1079 1855 1243 1918 Max.
1306 1856 1387 1918 et.
1450 1855 1523 1918 B.
1576 1856 1690 1932 13,
1740 1857 1814 1930 2;
1865 1856 1981 1931 17;
2039 1855 2182 1918 Hel.
2231 1857 2289 1932 7,
2338 1857 2414 1931 2;
2479 1853 2690 1918 Seuer.
2740 1855 2860 1931 24,

782 1968 853 2044 43
902 1967 1077 2032 Pesc.
1124 1968 1207 2032 N.
1256 1969 1315 2045 3,
1366 1969 1445 2045 1;
1490 1967 1707 2032 Aurel.
1758 1969 1815 2046 1,
1864 1969 1939 2043 5;
1989 1969 2048 2046 9,
2100 1969 2169 2044 7;
2220 1969 2337 2045 13,
2385 1969 2552 2030 2.-

992 2098 1078 2162 Η.
1108 2117 1176 2179 p.
1209 2097 1398 2181 438,
1446 2097 1508 2163 2.
1540 2115 1641 2179 sq.
1670 2098 1862 2162 Hadr.
1899 2099 1958 2175 4,
1993 2099 2062 2162 6:
2104 2117 2248 2162 cum
2279 2098 2395 2161 hoc
2428 2117 2539 2179 per
2571 2096 2855 2161 frumen-

778 2209 969 2274 tarios
1000 2210 1429 2294 cognouisset3
1464 2248 1547 2256 —-
1583 2212 1614 2273 1
1638 2212 1697 2287 4,
1750 2211 1818 2273 7:
1866 2210 2118 2274 oracula
2156 2229 2267 2292 per
2299 2229 2443 2273 eum
2477 2210 2738 2284 dantur:
2777 2245 2853 2256 —

782 2323 896 2400 18,
948 2323 1021 2385 7:
1070 2323 1351 2386 damnari
1394 2342 1503 2404 per
1548 2322 1824 2398 iudices:
1873 2361 1893 2366 —
1930 2360 1956 2367 -
2000 2321 2142 2386 Hel.
2194 2323 2252 2400 5,
2303 2323 2334 2384 1
2362 2324 2431 2386 1:
2501 2324 2715 2404 patore
2761 2341 2862 2386 me

783 2454 893 2518 per
924 2434 1079 2498 alias
1113 2454 1391 2499 exercere
1426 2435 1837 2517 cupiditates:
1885 2473 1972 2480 ——
2015 2435 2198 2499 Auid.
2235 2433 2406 2499 Cass.
2460 2437 2517 2513 1,
2568 2435 2643 2498 5:
2701 2435 2863 2517 quod

784 2566 906 2611 non
959 2549 1173 2629 posset
1231 2548 1351 2611 tuli
1414 2547 1537 2611 nisi
1598 2568 1707 2631 per
1769 2548 2038 2612 alterum
2094 2548 2564 2630 imperatorem:
2611 2585 2700 2594 —
2746 2549 2777 2609 1
2803 2549 2862 2622 O,

786 2662 860 2723 9:
907 2660 1247 2724 rescribam
1291 2680 1401 2742 per
1442 2659 1814 2737 Caecilium:
1863 2698 1949 2706 —
1993 2660 2239 2745 Heliog.
2292 2663 2404 2738 16,
2458 2662 2526 2723 l:
2575 2679 2719 2724 cum
2757 2658 2866 2723 alii

787 2792 895 2856 per
962 2773 1205 2837 baiulos
1276 2773 1384 2836 alii
1450 2792 1561 2855 per
1620 2772 1880 2837 fortuita
1934 2773 2230 2837 animalia
2283 2774 2697 2848 ueherentur;
2746 2774 2777 2835 1
2804 2773 2863 2850 8,

790 2887 864 2961 33
913 2886 1030 2962 23,
1080 2887 1147 2960 6:
1195 2885 1296 2950 Al.
1332 2883 1470 2949 Seu.
1525 2887 1637 2962 18,
1688 2887 1762 2959 2;
1812 2887 1929 2962 21,
1979 2887 2052 2959 4;
2108 2921 2178 2930 -
2218 2886 2335 2962 23,
2385 2887 2457 2947 2;
2503 2904 2613 2966 per
2648 2883 2864 2948 fideles

790 2997 1075 3062 homines
1132 3015 1274 3060 suos
1332 3016 1575 3079 semper
1640 2996 1955 3078 quaesiuit
2008 2999 2072 3061 et
2124 3016 2234 3079 per
2295 3015 2398 3060 eos
2454 3015 2607 3078 quos
2678 3014 2859 3059 nemo

789 3111 1004 3175 nosset
1054 3109 1171 3172 hoc
1218 3127 1433 3194 agere:
1498 3111 1619 3186 29,
1685 3109 1756 3185 43
1802 3146 1867 3153 -
1907 3111 2024 3187 36,
2088 3110 2125 3171 2
2192 3109 2408 3192 (med.)
2467 3108 2865 3190 probatisque

790 3243 899 3306 per
967 3224 1161 3286 testes
1215 3221 1535 3296 omnibus:
1610 3223 1727 3298 51,
1797 3223 1869 3296 2;
1939 3220 2102 3287 Gall.
2178 3223 2293 3298 12,
2341 3221 2415 3297 4;
2493 3219 2610 3298 12,
2659 3222 2733 3296 5;
2788 3256 2863 3265 -

795 3338 909 3414 15,
980 3337 1054 3398 2;
1123 3334 1446 3418 promissis
1515 3353 1622 3418 per
1692 3334 2054 3400 Gallienum
2124 3333 2326 3398 aureis
2397 3334 2671 3410 nicenis:
2729 3333 2866 3398 Car.

792 3450 853 3526 3,
901 3450 974 3524 33
1021 3448 1103 3511 ib.
1155 3451 1214 3524 9,
1266 3449 1339 3524 33
1387 3448 1469 3511 ib.
1530 3449 1645 3524 10,
1697 3451 1769 3522 1;
1815 3448 1898 3511 ib.
1948 3449 2006 3523 9,
2059 3448 2186 3510 11;
2237 3466 2345 3528 per
2393 3446 2560 3510 hunc
2606 3448 2869 3510 Romam

793 3560 1077 3634 uenisse:
1142 3597 1221 3608 ——
1268 3559 1409 3624 Alb.
1479 3562 1593 3636 14,
1651 3561 1725 3623 5:
1772 3559 1826 3623 is
1872 3579 1982 3642 per
2043 3561 2330 3623 senatum
2379 3558 2500 3622 sibi
2544 3558 2706 3641 petit
2749 3557 2872 3620 im-

795 3673 1072 3756 perium:
1140 3709 1215 3720 -—-
1280 3674 1441 3737 Max.
1518 3674 1549 3734 1
1575 3675 1633 3750 6,
1699 3674 1771 3735 3;
1834 3692 1942 3754 per
2002 3675 2062 3736 te
2128 3673 2306 3736 salua
2364 3671 2750 3752 respublica:
2785 3709 2871 3717 ——

799 3786 940 3850 Did.
999 3786 1131 3851 Jul.
1189 3788 1247 3863 8,
1304 3788 1377 3850 3:
1434 3785 1621 3850 iussit
1672 3786 1899 3850 armari
1946 3806 2056 3869 per
2101 3784 2491 3860 Lollianum:
2526 3820 2602 3830 —-
2660 3783 2867 3848 Seuer.

799 3901 915 3976 20,
965 3901 1033 3962 2:
1096 3919 1206 3982 per
1267 3899 1661 3982 adoptionem
1724 3897 1887 3962 filios
1945 3899 2094 3980 reip.
2143 3897 2430 3980 reliquid,
2493 3897 2610 3960 hoc
2641 3895 2870 3960 melius

802 4013 963 4096 quod
1045 4011 1156 4075 ille
1248 4011 1410 4075 filios
1479 4032 1589 4094 per
1658 4011 2052 4092 adoptionem
2122 4010 2225 4073 hic
2300 4029 2410 4091 per
2491 4028 2555 4072 se
2628 4008 2872 4092 genitos
2995 4017 3000 4022 ’

802 4125 1009 4200 daret:
1063 4163 1139 4170 --
1190 4125 1341 4189 Pius
1392 4126 1422 4188 1
1449 4127 1505 4202 l,
1555 4125 1629 4188 5:
1680 4122 2053 4188 sacrificium
2094 4141 2204 4205 per
2234 4122 2542 4186 uicarium
2572 4121 2757 4197 fecit:
2798 4159 2868 4166 --

748 4237 755 4246 “
803 4240 863 4315 5,
912 4241 951 4300 4
1021 4237 1209 4324 (bis);
1272 4241 1331 4315 ὕ,
1394 4239 1465 4313 4;
1517 4238 1573 4314 7,
1638 4238 1675 4300 5
1739 4235 1928 4321 (bis);
1992 4238 2050 4312 8,
2101 4237 2172 4312 93
2262 4237 2453 4298 Maro.
2505 4236 2620 4312 15,
2669 4236 2743 4310 53
2792 4234 2876 4297 ib.

804 4355 863 4428 6,
928 4351 997 4414 2:
1044 4371 1153 4434 per
1211 4369 1463 4417 uxorem
1524 4369 1703 4416 suam
1760 4348 2116 4414 sciscitatus
2176 4349 2304 4425 est:
2373 4384 2446 4394 —-
2495 4347 2579 4414 11).
2632 4348 2746 4428 16,
2804 4348 2878 4415 5:
