<?xml version="1.0" encoding="UTF-8"?>
<!DOCTYPE html PUBLIC "-//W3C//DTD XHTML 1.0 Transitional//EN"
    "http://www.w3.org/TR/xhtml1/DTD/xhtml1-transitional.dtd">
<html xmlns="http://www.w3.org/1999/xhtml" xml:lang="en" lang="en">
 <head>
  <title>
</title>
<meta http-equiv="Content-Type" content="text/html;charset=utf-8" />
  <meta name='ocr-system' content='tesseract 3.04.00' />
  <meta name='ocr-capabilities' content='ocr_page ocr_carea ocr_par ocr_line ocrx_word'/>
</head>
<body>
  <div class='ocr_page' id='page_1' title='image "./depraepositionu00kraugoog_0015.png"; bbox 0 0 3400 5317; ppageno 0'>
   <div class='ocr_carea' id='block_1_1' title="bbox 2363 671 2457 734">
    <p class='ocr_par' dir='ltr' id='par_1_1' title="bbox 2363 671 2457 734">
     <span class='ocr_line' id='line_1_1' title="bbox 2363 671 2457 734; baseline 0.011 -1"><span class='ocrx_word' id='word_1_1' title='bbox 2363 671 2457 734; x_wconf 91' lang='lat' dir='ltr'>IX</span> 
     </span>
    </p>
   </div>
   <div class='ocr_carea' id='block_1_2' title="bbox 379 850 2521 4452">
    <p class='ocr_par' dir='ltr' id='par_1_2' title="bbox 379 850 2467 1848">
     <span class='ocr_line' id='line_1_2' title="bbox 381 850 2450 944; baseline 0 -20"><span class='ocrx_word' id='word_1_2' title='bbox 381 860 637 944; x_wconf 72' lang='lat' dir='ltr'><strong>quitatis</strong></span> <span class='ocrx_word' id='word_1_3' title='bbox 661 860 987 924; x_wconf 73' lang='lat' dir='ltr'>historiam</span> <span class='ocrx_word' id='word_1_4' title='bbox 1010 880 1212 925; x_wconf 90' lang='lat' dir='ltr'>mores</span> <span class='ocrx_word' id='word_1_5' title='bbox 1246 861 1455 926; x_wconf 83' lang='lat' dir='ltr'>studia</span> <span class='ocrx_word' id='word_1_6' title='bbox 1484 850 2014 944; x_wconf 54' lang='lat' dir='ltr'>quibus&#39;populus</span> <span class='ocrx_word' id='word_1_7' title='bbox 2045 861 2450 943; x_wconf 89' lang='lat' dir='ltr'>potissimum</span> 
     </span>
     <span class='ocr_line' id='line_1_3' title="bbox 383 969 2462 1057; baseline -0.001 -18"><span class='ocrx_word' id='word_1_8' title='bbox 383 969 725 1056; x_wconf 84' lang='lat' dir='ltr'>obcupatus</span> <span class='ocrx_word' id='word_1_9' title='bbox 770 973 961 1038; x_wconf 87' lang='lat' dir='ltr'>fuerit</span> <span class='ocrx_word' id='word_1_10' title='bbox 1006 994 1174 1057; x_wconf 88' lang='lat' dir='ltr'>quae·</span> <span class='ocrx_word' id='word_1_11' title='bbox 1208 994 1352 1038; x_wconf 90' lang='lat' dir='ltr'>cum</span> <span class='ocrx_word' id='word_1_12' title='bbox 1398 975 1539 1039; x_wconf 88' lang='lat' dir='ltr'>aliis</span> <span class='ocrx_word' id='word_1_13' title='bbox 1584 975 1942 1039; x_wconf 91' lang='lat' dir='ltr'>nationibus</span> <span class='ocrx_word' id='word_1_14' title='bbox 1973 975 2264 1038; x_wconf 89' lang='lat' dir='ltr'>habuerit</span> <span class='ocrx_word' id='word_1_15' title='bbox 2296 993 2462 1039; x_wconf 92' lang='lat' dir='ltr'>com-</span> 
     </span>
     <span class='ocr_line' id='line_1_4' title="bbox 381 1074 2463 1170; baseline 0.001 -20"><span class='ocrx_word' id='word_1_16' title='bbox 381 1087 612 1152; x_wconf 91' lang='lat' dir='ltr'>mercia</span> <span class='ocrx_word' id='word_1_17' title='bbox 670 1087 794 1152; x_wconf 91' lang='lat' dir='ltr'>alia</span> <span class='ocrx_word' id='word_1_18' title='bbox 836 1087 1030 1169; x_wconf 82' lang='lat' dir='ltr'>plane</span> <span class='ocrx_word' id='word_1_19' title='bbox 1092 1087 1396 1170; x_wconf 84' lang='lat' dir='ltr'>quomodo</span> <span class='ocrx_word' id='word_1_20' title='bbox 1456 1074 1845 1152; x_wconf 84' lang='lat' dir='ltr'>aestimanda</span> <span class='ocrx_word' id='word_1_21' title='bbox 1890 1089 2018 1152; x_wconf 90' lang='lat' dir='ltr'>sint</span> <span class='ocrx_word' id='word_1_22' title='bbox 2063 1088 2137 1153; x_wconf 93' lang='lat' dir='ltr'>de</span> <span class='ocrx_word' id='word_1_23' title='bbox 2152 1107 2276 1152; x_wconf 90' lang='lat' dir='ltr'>nuo</span> <span class='ocrx_word' id='word_1_24' title='bbox 2326 1107 2463 1170; x_wconf 89' lang='lat' dir='ltr'>per-</span> 
     </span>
     <span class='ocr_line' id='line_1_5' title="bbox 382 1199 2467 1284; baseline 0 -20"><span class='ocrx_word' id='word_1_25' title='bbox 382 1201 615 1282; x_wconf 80' lang='lat' dir='ltr'>spicere</span> <span class='ocrx_word' id='word_1_26' title='bbox 659 1219 1013 1282; x_wconf 88' lang='lat' dir='ltr'>possumus.</span> <span class='ocrx_word' id='word_1_27' title='bbox 1072 1199 1310 1264; x_wconf 89' lang='lat' dir='ltr'>accedit</span> <span class='ocrx_word' id='word_1_28' title='bbox 1365 1199 1529 1283; x_wconf 92' lang='lat' dir='ltr'>quod</span> <span class='ocrx_word' id='word_1_29' title='bbox 1574 1200 1846 1284; x_wconf 76' lang='lat' dir='ltr'>cognitio</span> <span class='ocrx_word' id='word_1_30' title='bbox 1905 1200 2210 1264; x_wconf 86' lang='lat' dir='ltr'>sermonis</span> <span class='ocrx_word' id='word_1_31' title='bbox 2261 1201 2467 1282; x_wconf 90' lang='lat' dir='ltr'>plebei</span> 
     </span>
     <span class='ocr_line' id='line_1_6' title="bbox 382 1311 2467 1400; baseline 0 -23"><span class='ocrx_word' id='word_1_32' title='bbox 382 1313 722 1377; x_wconf 88' lang='lat' dir='ltr'>formarum</span> <span class='ocrx_word' id='word_1_33' title='bbox 765 1311 1111 1400; x_wconf 83' lang='lat' dir='ltr'>plurimum</span> <span class='ocrx_word' id='word_1_34' title='bbox 1171 1311 1517 1377; x_wconf 88' lang='lat' dir='ltr'>adiumenti</span> <span class='ocrx_word' id='word_1_35' title='bbox 1578 1312 1782 1378; x_wconf 86' lang='lat' dir='ltr'>adfert</span> <span class='ocrx_word' id='word_1_36' title='bbox 1826 1331 1969 1377; x_wconf 88' lang='grc'><strong>611111</strong></span> <span class='ocrx_word' id='word_1_37' title='bbox 2015 1313 2094 1378; x_wconf 87' lang='lat' dir='ltr'>ad</span> <span class='ocrx_word' id='word_1_38' title='bbox 2139 1313 2321 1378; x_wconf 89' lang='lat' dir='ltr'>firma</span> <span class='ocrx_word' id='word_1_39' title='bbox 2371 1334 2467 1378; x_wconf 86' lang='lat' dir='ltr'>ar—</span> 
     </span>
     <span class='ocr_line' id='line_1_7' title="bbox 382 1425 2463 1510; baseline 0 -20"><span class='ocrx_word' id='word_1_40' title='bbox 382 1426 683 1510; x_wconf 89' lang='lat' dir='ltr'>gumenta</span> <span class='ocrx_word' id='word_1_41' title='bbox 725 1426 790 1489; x_wconf 92' lang='lat' dir='ltr'>in</span> <span class='ocrx_word' id='word_1_42' title='bbox 837 1425 1219 1508; x_wconf 73' lang='lat' dir='ltr'>temporibus</span> <span class='ocrx_word' id='word_1_43' title='bbox 1252 1425 1707 1490; x_wconf 79' lang='lat' dir='ltr'>constituendis</span> <span class='ocrx_word' id='word_1_44' title='bbox 1755 1425 1982 1508; x_wconf 88' lang='lat' dir='ltr'>quibus</span> <span class='ocrx_word' id='word_1_45' title='bbox 2025 1445 2190 1490; x_wconf 89' lang='lat' dir='ltr'>unus</span> <span class='ocrx_word' id='word_1_46' title='bbox 2224 1426 2463 1491; x_wconf 90' lang='lat' dir='ltr'>alterue</span> 
     </span>
     <span class='ocr_line' id='line_1_8' title="bbox 382 1538 2462 1630; baseline 0 -27"><span class='ocrx_word' id='word_1_47' title='bbox 382 1540 755 1630; x_wconf 87' lang='lat' dir='ltr'>scriptorum</span> <span class='ocrx_word' id='word_1_48' title='bbox 800 1538 1216 1610; x_wconf 86' lang='lat' dir='ltr'>recentiorum</span> <span class='ocrx_word' id='word_1_49' title='bbox 1260 1539 1488 1604; x_wconf 86' lang='lat' dir='ltr'>uixerit</span> <span class='ocrx_word' id='word_1_50' title='bbox 1534 1538 1936 1617; x_wconf 90' lang='lat' dir='ltr'>enucleanda,</span> <span class='ocrx_word' id='word_1_51' title='bbox 1985 1541 2124 1603; x_wconf 90' lang='lat' dir='ltr'>tum</span> <span class='ocrx_word' id='word_1_52' title='bbox 2193 1539 2270 1606; x_wconf 92' lang='lat' dir='ltr'>ad</span> <span class='ocrx_word' id='word_1_53' title='bbox 2316 1559 2462 1604; x_wconf 87' lang='lat' dir='ltr'>con.-</span> 
     </span>
     <span class='ocr_line' id='line_1_9' title="bbox 379 1651 2458 1741; baseline 0.001 -25"><span class='ocrx_word' id='word_1_54' title='bbox 379 1654 623 1716; x_wconf 82' lang='lat' dir='ltr'>textum</span> <span class='ocrx_word' id='word_1_55' title='bbox 667 1651 734 1714; x_wconf 93' lang='lat' dir='ltr'>in</span> <span class='ocrx_word' id='word_1_56' title='bbox 766 1671 977 1716; x_wconf 90' lang='lat' dir='ltr'>eorum</span> <span class='ocrx_word' id='word_1_57' title='bbox 1003 1652 1270 1733; x_wconf 86' lang='lat' dir='ltr'>scriptis,</span> <span class='ocrx_word' id='word_1_58' title='bbox 1306 1652 1413 1734; x_wconf 88' lang='lat' dir='ltr'>qui</span> <span class='ocrx_word' id='word_1_59' title='bbox 1442 1651 1643 1737; x_wconf 86' lang='lat' dir='ltr'>magis</span> <span class='ocrx_word' id='word_1_60' title='bbox 1677 1672 1866 1735; x_wconf 88' lang='grc'><strong>(1113111</strong></span> <span class='ocrx_word' id='word_1_61' title='bbox 1897 1654 2188 1741; x_wconf 84' lang='lat' dir='ltr'>ueterum</span> <span class='ocrx_word' id='word_1_62' title='bbox 2227 1653 2458 1736; x_wconf 89' lang='lat' dir='ltr'>scripta</span> 
     </span>
     <span class='ocr_line' id='line_1_10' title="bbox 382 1765 2330 1848; baseline 0 -19"><span class='ocrx_word' id='word_1_63' title='bbox 382 1765 927 1848; x_wconf 88' lang='lat' dir='ltr'>deprauationibus</span> <span class='ocrx_word' id='word_1_64' title='bbox 974 1765 1273 1829; x_wconf 82' lang='lat' dir='ltr'>obnoxius</span> <span class='ocrx_word' id='word_1_65' title='bbox 1321 1767 1453 1829; x_wconf 90' lang='lat' dir='ltr'>erat</span> <span class='ocrx_word' id='word_1_66' title='bbox 1497 1767 1663 1830; x_wconf 89' lang='lat' dir='ltr'>recte</span> <span class='ocrx_word' id='word_1_67' title='bbox 1713 1766 2196 1831; x_wconf 87' lang='lat' dir='ltr'>emendandum.</span> <span class='ocrx_word' id='word_1_68' title='bbox 2244 1804 2330 1814; x_wconf 91' lang='lat'>—</span> 
     </span>
    </p>

    <p class='ocr_par' dir='ltr' id='par_1_3' title="bbox 380 1877 2521 4006">
     <span class='ocr_line' id='line_1_11' title="bbox 590 1877 2454 1962; baseline 0.001 -19"><span class='ocrx_word' id='word_1_69' title='bbox 590 1898 660 1943; x_wconf 91' lang='lat' dir='ltr'>ac</span> <span class='ocrx_word' id='word_1_70' title='bbox 704 1897 852 1943; x_wconf 88' lang='lat' dir='ltr'>uero</span> <span class='ocrx_word' id='word_1_71' title='bbox 896 1877 964 1940; x_wconf 92' lang='lat' dir='ltr'>in</span> <span class='ocrx_word' id='word_1_72' title='bbox 1009 1877 1196 1941; x_wconf 91' lang='lat' dir='ltr'>huius</span> <span class='ocrx_word' id='word_1_73' title='bbox 1242 1879 1486 1962; x_wconf 89' lang='lat' dir='ltr'>generis</span> <span class='ocrx_word' id='word_1_74' title='bbox 1545 1878 2085 1962; x_wconf 82' lang='lat' dir='ltr'>disquisitionibus</span> <span class='ocrx_word' id='word_1_75' title='bbox 2131 1880 2238 1944; x_wconf 83' lang='lat' dir='ltr'>uix</span> <span class='ocrx_word' id='word_1_76' title='bbox 2299 1881 2454 1946; x_wconf 87' lang='lat' dir='ltr'>satis</span> 
     </span>
     <span class='ocr_line' id='line_1_12' title="bbox 380 1991 2460 2077; baseline -0 -20"><span class='ocrx_word' id='word_1_77' title='bbox 380 1993 562 2058; x_wconf 88' lang='lat' dir='ltr'>caute</span> <span class='ocrx_word' id='word_1_78' title='bbox 606 2011 785 2076; x_wconf 90' lang='lat' dir='ltr'>agere</span> <span class='ocrx_word' id='word_1_79' title='bbox 831 2009 1163 2074; x_wconf 88' lang='lat' dir='ltr'>possumus</span> <span class='ocrx_word' id='word_1_80' title='bbox 1195 2011 1273 2054; x_wconf 92' lang='lat' dir='ltr'>ne</span> <span class='ocrx_word' id='word_1_81' title='bbox 1305 1991 1559 2056; x_wconf 90' lang='lat' dir='ltr'>modum</span> <span class='ocrx_word' id='word_1_82' title='bbox 1610 1993 1853 2056; x_wconf 88' lang='lat' dir='ltr'>rectum</span> <span class='ocrx_word' id='word_1_83' title='bbox 1906 1993 2460 2077; x_wconf 85' lang='lat' dir='ltr'>transgrediamur.</span> 
     </span>
     <span class='ocr_line' id='line_1_13' title="bbox 383 2104 2460 2196; baseline 0 -26"><span class='ocrx_word' id='word_1_84' title='bbox 383 2107 620 2170; x_wconf 91' lang='lat' dir='ltr'>multae</span> <span class='ocrx_word' id='word_1_85' title='bbox 668 2105 919 2196; x_wconf 88' lang='lat' dir='ltr'>quidem</span> <span class='ocrx_word' id='word_1_86' title='bbox 966 2104 1179 2169; x_wconf 91' lang='lat' dir='ltr'>critico</span> <span class='ocrx_word' id='word_1_87' title='bbox 1226 2105 1343 2170; x_wconf 89' lang='lat' dir='ltr'>hac</span> <span class='ocrx_word' id='word_1_88' title='bbox 1388 2105 1456 2168; x_wconf 96' lang='lat' dir='ltr'>in</span> <span class='ocrx_word' id='word_1_89' title='bbox 1501 2125 1566 2169; x_wconf 91' lang='lat' dir='ltr'>re</span> <span class='ocrx_word' id='word_1_90' title='bbox 1616 2106 1780 2187; x_wconf 88' lang='lat' dir='ltr'>apud</span> <span class='ocrx_word' id='word_1_91' title='bbox 1826 2106 1942 2194; x_wconf 84' lang='lat' dir='ltr'>hos</span> <span class='ocrx_word' id='word_1_92' title='bbox 1977 2125 2082 2170; x_wconf 83' lang='lat' dir='ltr'>sex</span> <span class='ocrx_word' id='word_1_93' title='bbox 2129 2105 2460 2188; x_wconf 89' lang='lat' dir='ltr'>scriptores</span> 
     </span>
     <span class='ocr_line' id='line_1_14' title="bbox 384 2217 2452 2302; baseline -0 -18"><span class='ocrx_word' id='word_1_94' title='bbox 384 2219 789 2286; x_wconf 86' lang='lat' dir='ltr'>difficultates</span> <span class='ocrx_word' id='word_1_95' title='bbox 820 2217 1231 2282; x_wconf 87' lang='lat' dir='ltr'>remouendae</span> <span class='ocrx_word' id='word_1_96' title='bbox 1261 2219 1427 2297; x_wconf 89' lang='lat' dir='ltr'>sunt,</span> <span class='ocrx_word' id='word_1_97' title='bbox 1453 2219 1519 2282; x_wconf 89' lang='lat' dir='ltr'>in</span> <span class='ocrx_word' id='word_1_98' title='bbox 1565 2219 1792 2301; x_wconf 88' lang='lat' dir='ltr'>quibus</span> <span class='ocrx_word' id='word_1_99' title='bbox 1827 2238 2008 2302; x_wconf 86' lang='lat' dir='ltr'>saepe</span> <span class='ocrx_word' id='word_1_100' title='bbox 2044 2220 2118 2283; x_wconf 92' lang='lat' dir='ltr'>de</span> <span class='ocrx_word' id='word_1_101' title='bbox 2148 2221 2452 2285; x_wconf 86' lang='lat' dir='ltr'>sermonis</span> 
     </span>
     <span class='ocr_line' id='line_1_15' title="bbox 384 2331 2464 2416; baseline 0 -19"><span class='ocrx_word' id='word_1_102' title='bbox 384 2332 657 2416; x_wconf 88' lang='lat' dir='ltr'>uolgaris</span> <span class='ocrx_word' id='word_1_103' title='bbox 703 2331 975 2395; x_wconf 89' lang='lat' dir='ltr'>formula</span> <span class='ocrx_word' id='word_1_104' title='bbox 1020 2331 1278 2415; x_wconf 89' lang='lat' dir='ltr'>cogitari</span> <span class='ocrx_word' id='word_1_105' title='bbox 1310 2332 1459 2395; x_wconf 91' lang='lat' dir='ltr'>licet</span> <span class='ocrx_word' id='word_1_106' title='bbox 1516 2345 1895 2414; x_wconf 88' lang='lat' dir='ltr'>quamquam</span> <span class='ocrx_word' id='word_1_107' title='bbox 1955 2333 2238 2415; x_wconf 84' lang='lat' dir='ltr'>exempla</span> <span class='ocrx_word' id='word_1_108' title='bbox 2281 2334 2464 2416; x_wconf 90' lang='lat' dir='ltr'>plura</span> 
     </span>
     <span class='ocr_line' id='line_1_16' title="bbox 386 2444 2461 2527; baseline 0.001 -19"><span class='ocrx_word' id='word_1_109' title='bbox 386 2446 630 2509; x_wconf 85' lang='lat' dir='ltr'>desunt.</span> <span class='ocrx_word' id='word_1_110' title='bbox 690 2463 801 2526; x_wconf 86' lang='lat' dir='ltr'>per</span> <span class='ocrx_word' id='word_1_111' title='bbox 855 2444 1043 2508; x_wconf 88' lang='lat' dir='ltr'>multi</span> <span class='ocrx_word' id='word_1_112' title='bbox 1102 2445 1253 2508; x_wconf 91' lang='lat' dir='ltr'>sunt</span> <span class='ocrx_word' id='word_1_113' title='bbox 1309 2444 1530 2509; x_wconf 89' lang='lat' dir='ltr'>deinde</span> <span class='ocrx_word' id='word_1_114' title='bbox 1593 2445 1732 2523; x_wconf 84' lang='lat' dir='ltr'>loci,</span> <span class='ocrx_word' id='word_1_115' title='bbox 1793 2445 1855 2507; x_wconf 92' lang='lat' dir='ltr'>in</span> <span class='ocrx_word' id='word_1_116' title='bbox 1907 2445 2130 2527; x_wconf 90' lang='lat' dir='ltr'>quibus</span> <span class='ocrx_word' id='word_1_117' title='bbox 2177 2447 2461 2511; x_wconf 91' lang='lat' dir='ltr'>codicum</span> 
     </span>
     <span class='ocr_line' id='line_1_17' title="bbox 385 2557 2463 2643; baseline 0.001 -21"><span class='ocrx_word' id='word_1_118' title='bbox 385 2557 803 2640; x_wconf 89' lang='lat' dir='ltr'>discrepantia</span> <span class='ocrx_word' id='word_1_119' title='bbox 847 2576 970 2620; x_wconf 95' lang='lat' dir='ltr'>non</span> <span class='ocrx_word' id='word_1_120' title='bbox 1018 2557 1160 2621; x_wconf 90' lang='lat' dir='ltr'>ante</span> <span class='ocrx_word' id='word_1_121' title='bbox 1209 2557 1580 2622; x_wconf 84' lang='lat' dir='ltr'>admittebat</span> <span class='ocrx_word' id='word_1_122' title='bbox 1641 2560 1882 2622; x_wconf 87' lang='lat' dir='ltr'>certum</span> <span class='ocrx_word' id='word_1_123' title='bbox 1927 2559 2227 2623; x_wconf 82' lang='lat' dir='ltr'>iudicium</span> <span class='ocrx_word' id='word_1_124' title='bbox 2275 2580 2463 2643; x_wconf 88' lang='lat' dir='ltr'>quam</span> 
     </span>
     <span class='ocr_line' id='line_1_18' title="bbox 383 2670 2458 2758; baseline 0.001 -24"><span class='ocrx_word' id='word_1_125' title='bbox 383 2671 827 2756; x_wconf 86' lang='lat' dir='ltr'>grammaticae</span> <span class='ocrx_word' id='word_1_126' title='bbox 884 2670 1157 2734; x_wconf 91' lang='lat' dir='ltr'>rationes</span> <span class='ocrx_word' id='word_1_127' title='bbox 1232 2670 1531 2752; x_wconf 82' lang='lat' dir='ltr'>exemplis</span> <span class='ocrx_word' id='word_1_128' title='bbox 1609 2672 1899 2758; x_wconf 85' lang='lat' dir='ltr'>omnibus</span> <span class='ocrx_word' id='word_1_129' title='bbox 1973 2672 2238 2737; x_wconf 90' lang='lat' dir='ltr'>conlatis</span> <span class='ocrx_word' id='word_1_130' title='bbox 2303 2673 2458 2737; x_wconf 89' lang='lat' dir='ltr'>satis</span> 
     </span>
     <span class='ocr_line' id='line_1_19' title="bbox 387 2783 2464 2850; baseline 0.001 -2"><span class='ocrx_word' id='word_1_131' title='bbox 387 2785 566 2848; x_wconf 91' lang='lat' dir='ltr'>erant</span> <span class='ocrx_word' id='word_1_132' title='bbox 609 2783 1027 2848; x_wconf 89' lang='lat' dir='ltr'>confirmatae.</span> <span class='ocrx_word' id='word_1_133' title='bbox 1078 2803 1201 2848; x_wconf 92' lang='lat' dir='ltr'>non</span> <span class='ocrx_word' id='word_1_134' title='bbox 1247 2783 1457 2847; x_wconf 91' lang='lat' dir='ltr'>minus</span> <span class='ocrx_word' id='word_1_135' title='bbox 1503 2803 1652 2849; x_wconf 92' lang='lat' dir='ltr'>uero</span> <span class='ocrx_word' id='word_1_136' title='bbox 1696 2785 1910 2848; x_wconf 89' lang='lat' dir='ltr'>critico</span> <span class='ocrx_word' id='word_1_137' title='bbox 1960 2786 2464 2850; x_wconf 90' lang='lat' dir='ltr'>animaduerten-</span> 
     </span>
     <span class='ocr_line' id='line_1_20' title="bbox 388 2880 2521 2980; baseline 0 -18"><span class='ocrx_word' id='word_1_138' title='bbox 388 2898 539 2963; x_wconf 92' lang='lat' dir='ltr'>dum</span> <span class='ocrx_word' id='word_1_139' title='bbox 601 2895 699 2961; x_wconf 88' lang='lat' dir='ltr'>est</span> <span class='ocrx_word' id='word_1_140' title='bbox 754 2916 831 2960; x_wconf 89' lang='lat' dir='ltr'>ne</span> <span class='ocrx_word' id='word_1_141' title='bbox 891 2916 1001 2979; x_wconf 88' lang='lat' dir='ltr'>pro</span> <span class='ocrx_word' id='word_1_142' title='bbox 1062 2896 1307 2961; x_wconf 87' lang='lat' dir='ltr'>uitiosis</span> <span class='ocrx_word' id='word_1_143' title='bbox 1368 2896 1603 2974; x_wconf 90' lang='lat' dir='ltr'>reiciat,</span> <span class='ocrx_word' id='word_1_144' title='bbox 1668 2917 1931 2980; x_wconf 90' lang='lat' dir='ltr'>quorum</span> <span class='ocrx_word' id='word_1_145' title='bbox 1993 2899 2299 2962; x_wconf 90' lang='lat' dir='ltr'>rationem</span> <span class='ocrx_word' id='word_1_146' title='bbox 2343 2920 2463 2963; x_wconf 89' lang='lat' dir='ltr'>usu</span> <span class='ocrx_word' id='word_1_147' title='bbox 2516 2880 2521 2885; x_wconf 37' lang='lat'>⁵</span> 
     </span>
     <span class='ocr_line' id='line_1_21' title="bbox 388 2987 2462 3093; baseline -0 -18"><span class='ocrx_word' id='word_1_148' title='bbox 388 3010 815 3075; x_wconf 89' lang='lat' dir='ltr'>oblitteratam</span> <span class='ocrx_word' id='word_1_149' title='bbox 859 3010 1108 3088; x_wconf 81' lang='lat' dir='ltr'>uiderit,</span> <span class='ocrx_word' id='word_1_150' title='bbox 1172 3029 1296 3075; x_wconf 91' lang='lat' dir='ltr'>neu</span> <span class='ocrx_word' id='word_1_151' title='bbox 1343 3009 1653 3088; x_wconf 85' lang='lat' dir='ltr'>defendat,</span> <span class='ocrx_word' id='word_1_152' title='bbox 1702 3029 1859 3093; x_wconf 88' lang='lat' dir='ltr'>quae</span> <span class='ocrx_word' id='word_1_153' title='bbox 1905 3011 1972 3074; x_wconf 93' lang='lat' dir='ltr'>in</span> <span class='ocrx_word' id='word_1_154' title='bbox 2018 2987 2462 3093; x_wconf 88' lang='lat' dir='ltr'>manuscriptis</span> 
     </span>
     <span class='ocr_line' id='line_1_22' title="bbox 386 3123 2466 3207; baseline 0 -19"><span class='ocrx_word' id='word_1_155' title='bbox 386 3124 569 3188; x_wconf 88' lang='lat' dir='ltr'>facile</span> <span class='ocrx_word' id='word_1_156' title='bbox 630 3125 919 3206; x_wconf 87' lang='lat' dir='ltr'>poterant</span> <span class='ocrx_word' id='word_1_157' title='bbox 980 3123 1304 3205; x_wconf 87' lang='lat' dir='ltr'>conrumpi</span> <span class='ocrx_word' id='word_1_158' title='bbox 1364 3124 1469 3188; x_wconf 92' lang='lat' dir='ltr'>uel</span> <span class='ocrx_word' id='word_1_159' title='bbox 1531 3126 1746 3205; x_wconf 87' lang='lat' dir='ltr'>aperta</span> <span class='ocrx_word' id='word_1_160' title='bbox 1805 3124 1964 3188; x_wconf 91' lang='lat' dir='ltr'>uitia</span> <span class='ocrx_word' id='word_1_161' title='bbox 2008 3126 2193 3207; x_wconf 87' lang='lat' dir='ltr'>atque</span> <span class='ocrx_word' id='word_1_162' title='bbox 2239 3125 2466 3189; x_wconf 89' lang='lat' dir='ltr'>menda</span> 
     </span>
     <span class='ocr_line' id='line_1_23' title="bbox 388 3236 2465 3322; baseline 0.001 -22"><span class='ocrx_word' id='word_1_163' title='bbox 388 3237 783 3302; x_wconf 84' lang='lat' dir='ltr'>librariorum</span> <span class='ocrx_word' id='word_1_164' title='bbox 828 3236 1113 3300; x_wconf 87' lang='lat' dir='ltr'>inscitiae</span> <span class='ocrx_word' id='word_1_165' title='bbox 1158 3236 1491 3301; x_wconf 90' lang='lat' dir='ltr'>tribuenda</span> <span class='ocrx_word' id='word_1_166' title='bbox 1551 3236 1712 3302; x_wconf 90' lang='lat' dir='ltr'>falsa</span> <span class='ocrx_word' id='word_1_167' title='bbox 1773 3237 2061 3322; x_wconf 88' lang='lat' dir='ltr'>analogia</span> <span class='ocrx_word' id='word_1_168' title='bbox 2103 3238 2208 3302; x_wconf 90' lang='grc'><strong>1161</strong></span> <span class='ocrx_word' id='word_1_169' title='bbox 2255 3238 2465 3321; x_wconf 89' lang='lat' dir='ltr'>potius</span> 
     </span>
     <span class='ocr_line' id='line_1_24' title="bbox 388 3349 2462 3431; baseline 0.001 -18"><span class='ocrx_word' id='word_1_170' title='bbox 388 3349 757 3414; x_wconf 90' lang='lat' dir='ltr'>credulitate</span> <span class='ocrx_word' id='word_1_171' title='bbox 802 3349 1140 3431; x_wconf 87' lang='lat' dir='ltr'>perductus</span> <span class='ocrx_word' id='word_1_172' title='bbox 1184 3351 1417 3414; x_wconf 91' lang='lat' dir='ltr'>temere</span> <span class='ocrx_word' id='word_1_173' title='bbox 1450 3350 1516 3413; x_wconf 94' lang='lat' dir='ltr'>in</span> <span class='ocrx_word' id='word_1_174' title='bbox 1561 3352 1806 3415; x_wconf 82' lang='lat' dir='ltr'>textum</span> <span class='ocrx_word' id='word_1_175' title='bbox 1837 3352 2153 3415; x_wconf 90' lang='lat' dir='ltr'>intrudere</span> <span class='ocrx_word' id='word_1_176' title='bbox 2187 3353 2462 3416; x_wconf 87' lang='lat' dir='ltr'>conetur.</span> 
     </span>
     <span class='ocr_line' id='line_1_25' title="bbox 390 3461 2464 3546; baseline 0.001 -20"><span class='ocrx_word' id='word_1_177' title='bbox 390 3482 546 3546; x_wconf 89' lang='lat' dir='ltr'>quae</span> <span class='ocrx_word' id='word_1_178' title='bbox 594 3481 835 3544; x_wconf 91' lang='lat' dir='ltr'>semper</span> <span class='ocrx_word' id='word_1_179' title='bbox 880 3461 946 3525; x_wconf 94' lang='lat' dir='ltr'>in</span> <span class='ocrx_word' id='word_1_180' title='bbox 1002 3461 1341 3526; x_wconf 86' lang='lat' dir='ltr'>lectitando</span> <span class='ocrx_word' id='word_1_181' title='bbox 1387 3463 1735 3544; x_wconf 90' lang='lat' dir='ltr'>praeoculis</span> <span class='ocrx_word' id='word_1_182' title='bbox 1782 3464 1975 3527; x_wconf 92' lang='lat' dir='ltr'>habui</span> <span class='ocrx_word' id='word_1_183' title='bbox 2035 3466 2100 3528; x_wconf 85' lang='lat' dir='ltr'>et</span> <span class='ocrx_word' id='word_1_184' title='bbox 2143 3467 2216 3528; x_wconf 92' lang='lat' dir='ltr'>ut</span> <span class='ocrx_word' id='word_1_185' title='bbox 2262 3465 2464 3528; x_wconf 91' lang='lat' dir='ltr'>dicam</span> 
     </span>
     <span class='ocr_line' id='line_1_26' title="bbox 390 3575 2463 3676; baseline 0.001 -37"><span class='ocrx_word' id='word_1_186' title='bbox 390 3576 553 3658; x_wconf 90' lang='lat' dir='ltr'>quod</span> <span class='ocrx_word' id='word_1_187' title='bbox 596 3575 819 3676; x_wconf 62' lang='lat' dir='ltr'>§ssssfiiQ</span> <span class='ocrx_word' id='word_1_188' title='bbox 868 3575 1091 3640; x_wconf 89' lang='lat' dir='ltr'>acriter</span> <span class='ocrx_word' id='word_1_189' title='bbox 1136 3576 1541 3657; x_wconf 87' lang='lat' dir='ltr'>perscrutatis</span> <span class='ocrx_word' id='word_1_190' title='bbox 1575 3577 1949 3642; x_wconf 90' lang='lat' dir='ltr'>uernaculae</span> <span class='ocrx_word' id='word_1_191' title='bbox 1981 3578 2289 3662; x_wconf 77' lang='lat' dir='ltr'>uestigiiS‚</span> <span class='ocrx_word' id='word_1_192' title='bbox 2323 3599 2463 3660; x_wconf 88' lang='lat' dir='ltr'>per-</span> 
     </span>
     <span class='ocr_line' id='line_1_27' title="bbox 391 3686 2464 3772; baseline 0.001 -20"><span class='ocrx_word' id='word_1_193' title='bbox 391 3687 563 3753; x_wconf 90' lang='lat' dir='ltr'>suasi</span> <span class='ocrx_word' id='word_1_194' title='bbox 606 3686 762 3751; x_wconf 87' lang='lat' dir='ltr'>mihi</span> <span class='ocrx_word' id='word_1_195' title='bbox 809 3707 931 3752; x_wconf 94' lang='lat' dir='ltr'>non</span> <span class='ocrx_word' id='word_1_196' title='bbox 979 3706 1224 3770; x_wconf 89' lang='lat' dir='ltr'>semper</span> <span class='ocrx_word' id='word_1_197' title='bbox 1269 3688 1605 3772; x_wconf 87' lang='lat' dir='ltr'>genuinam</span> <span class='ocrx_word' id='word_1_198' title='bbox 1637 3689 2008 3772; x_wconf 90' lang='lat' dir='ltr'>scriptorum</span> <span class='ocrx_word' id='word_1_199' title='bbox 2039 3709 2297 3754; x_wconf 90' lang='lat' dir='ltr'>manum</span> <span class='ocrx_word' id='word_1_200' title='bbox 2329 3711 2464 3756; x_wconf 78' lang='lat' dir='ltr'>esse</span> 
     </span>
     <span class='ocr_line' id='line_1_28' title="bbox 388 3800 2464 3886; baseline 0 -21"><span class='ocrx_word' id='word_1_201' title='bbox 388 3800 703 3878; x_wconf 87' lang='lat' dir='ltr'>traditam,</span> <span class='ocrx_word' id='word_1_202' title='bbox 738 3818 881 3864; x_wconf 91' lang='lat' dir='ltr'>cum</span> <span class='ocrx_word' id='word_1_203' title='bbox 915 3800 1148 3866; x_wconf 90' lang='lat' dir='ltr'>formae</span> <span class='ocrx_word' id='word_1_204' title='bbox 1180 3800 1531 3866; x_wconf 85' lang='lat' dir='ltr'>rusticanae</span> <span class='ocrx_word' id='word_1_205' title='bbox 1562 3800 1961 3866; x_wconf 87' lang='lat' dir='ltr'>librariorum</span> <span class='ocrx_word' id='word_1_206' title='bbox 2005 3802 2464 3886; x_wconf 89' lang='lat' dir='ltr'>conrigentium</span> 
     </span>
     <span class='ocr_line' id='line_1_29' title="bbox 390 3913 1440 4006; baseline -0.002 -30"><span class='ocrx_word' id='word_1_207' title='bbox 390 3933 613 3978; x_wconf 88' lang='lat' dir='ltr'>manus</span> <span class='ocrx_word' id='word_1_208' title='bbox 664 3913 792 3978; x_wconf 91' lang='lat' dir='ltr'>sint</span> <span class='ocrx_word' id='word_1_209' title='bbox 837 3923 1139 3996; x_wconf 83' lang='lat' dir='ltr'>expertae.</span> <span class='ocrx_word' id='word_1_210' title='bbox 1186 3951 1273 3960; x_wconf 85' lang='lat'>-—</span> <span class='ocrx_word' id='word_1_211' title='bbox 1436 4001 1440 4006; x_wconf 22' lang='grc' dir='ltr'>ι</span> 
     </span>
    </p>

    <p class='ocr_par' dir='ltr' id='par_1_4' title="bbox 389 4026 2465 4452">
     <span class='ocr_line' id='line_1_30' title="bbox 596 4026 2462 4111; baseline 0.002 -22"><span class='ocrx_word' id='word_1_212' title='bbox 596 4026 750 4091; x_wconf 89' lang='grc'><strong>11366</strong></span> <span class='ocrx_word' id='word_1_213' title='bbox 783 4026 1133 4090; x_wconf 88' lang='lat' dir='ltr'>subficiant.</span> <span class='ocrx_word' id='word_1_214' title='bbox 1167 4027 1431 4091; x_wconf 87' lang='lat' dir='ltr'>fortasse</span> <span class='ocrx_word' id='word_1_215' title='bbox 1480 4027 1554 4091; x_wconf 91' lang='lat' dir='ltr'>de</span> <span class='ocrx_word' id='word_1_216' title='bbox 1596 4028 2131 4110; x_wconf 88' lang='lat' dir='ltr'>praepositionum</span> <span class='ocrx_word' id='word_1_217' title='bbox 2161 4028 2229 4090; x_wconf 91' lang='lat' dir='ltr'>ui</span> <span class='ocrx_word' id='word_1_218' title='bbox 2277 4030 2462 4111; x_wconf 88' lang='lat' dir='ltr'>atque</span> 
     </span>
     <span class='ocr_line' id='line_1_31' title="bbox 389 4121 2463 4224; baseline 0.001 -21"><span class='ocrx_word' id='word_1_219' title='bbox 389 4142 614 4204; x_wconf 87' lang='lat' dir='ltr'>natura</span> <span class='ocrx_word' id='word_1_220' title='bbox 674 4139 989 4204; x_wconf 89' lang='lat' dir='ltr'>desideras</span> <span class='ocrx_word' id='word_1_221' title='bbox 1066 4142 1495 4223; x_wconf 88' lang='lat' dir='ltr'>quaestionem</span> <span class='ocrx_word' id='word_1_222' title='bbox 1569 4160 1725 4224; x_wconf 91' lang='lat' dir='ltr'>quae</span> <span class='ocrx_word' id='word_1_223' title='bbox 1786 4142 1858 4204; x_wconf 92' lang='lat' dir='ltr'>ut</span> <span class='ocrx_word' id='word_1_224' title='bbox 1918 4139 2134 4222; x_wconf 87' lang='lat' dir='ltr'>opinor</span> <span class='ocrx_word' id='word_1_225' title='bbox 2195 4121 2270 4204; x_wconf 90' lang='lat' dir='ltr'>ab</span> <span class='ocrx_word' id='word_1_226' title='bbox 2347 4142 2463 4206; x_wconf 90' lang='lat' dir='ltr'>hoc</span> 
     </span>
     <span class='ocr_line' id='line_1_32' title="bbox 390 4253 2465 4337; baseline 0 -21"><span class='ocrx_word' id='word_1_227' title='bbox 390 4253 717 4336; x_wconf 84' lang='lat' dir='ltr'>prodromo</span> <span class='ocrx_word' id='word_1_228' title='bbox 796 4253 1041 4318; x_wconf 85' lang='lat' dir='ltr'>exulare</span> <span class='ocrx_word' id='word_1_229' title='bbox 1102 4256 1311 4336; x_wconf 88' lang='lat' dir='ltr'>potest</span> <span class='ocrx_word' id='word_1_230' title='bbox 1383 4274 1528 4318; x_wconf 91' lang='grc'><strong>611111</strong></span> <span class='ocrx_word' id='word_1_231' title='bbox 1590 4255 1698 4318; x_wconf 91' lang='lat' dir='ltr'>alii</span> <span class='ocrx_word' id='word_1_232' title='bbox 1759 4255 1924 4318; x_wconf 85' lang='lat' dir='ltr'>inter</span> <span class='ocrx_word' id='word_1_233' title='bbox 1985 4273 2138 4337; x_wconf 88' lang='lat' dir='ltr'>quos</span> <span class='ocrx_word' id='word_1_234' title='bbox 2194 4255 2342 4318; x_wconf 91' lang='lat' dir='ltr'>Pott</span> <span class='ocrx_word' id='word_1_235' title='bbox 2399 4254 2465 4317; x_wconf 89' lang='lat' dir='ltr'>in</span> 
     </span>
     <span class='ocr_line' id='line_1_33' title="bbox 392 4365 2464 4452; baseline 0.001 -23"><span class='ocrx_word' id='word_1_236' title='bbox 392 4365 738 4431; x_wconf 91' lang='lat' dir='ltr'>clarissimo</span> <span class='ocrx_word' id='word_1_237' title='bbox 785 4367 859 4431; x_wconf 93' lang='lat' dir='ltr'>de</span> <span class='ocrx_word' id='word_1_238' title='bbox 904 4367 1433 4452; x_wconf 88' lang='lat' dir='ltr'>praepositionum</span> <span class='ocrx_word' id='word_1_239' title='bbox 1479 4367 1637 4433; x_wconf 88' lang='lat' dir='ltr'>libro</span> <span class='ocrx_word' id='word_1_240' title='bbox 1686 4368 1838 4434; x_wconf 88' lang='lat' dir='ltr'>satis</span> <span class='ocrx_word' id='word_1_241' title='bbox 1887 4367 2179 4434; x_wconf 87' lang='lat' dir='ltr'>adcurate</span> <span class='ocrx_word' id='word_1_242' title='bbox 2226 4367 2343 4433; x_wconf 86' lang='lat' dir='ltr'>hac</span> <span class='ocrx_word' id='word_1_243' title='bbox 2391 4369 2464 4432; x_wconf 89' lang='lat' dir='ltr'>de</span> 
     </span>
    </p>
   </div>
  </div>
 </body>
</html>
