3400 5317
816 660 903 723 VI

809 851 1018 914 omnia
1039 851 1386 914 centurioni
1417 853 1710 915 ueterano
1740 852 1874 915 uiro
1907 850 2296 935 octogenario
2326 849 2593 917 Victori
2621 848 2885 929 Gasm,

807 963 1087 1027 omnium
1152 965 1507 1041 hominum,
1577 984 1842 1047 quorum
1908 964 2271 1028 memoriam
2340 963 2545 1026 auimo
2620 961 2883 1025 memori

805 1076 1070 1154 condidi,
1103 1077 1259 1139 mihi
1290 1076 1718 1154 dilectissim0‚
1764 1077 1940 1141 cuius
1985 1077 2053 1139 in
2090 1095 2188 1139 me
2222 1076 2445 1139 merita
2475 1075 2625 1138 dum
2663 1074 2885 1138 uiuam

807 1208 1148 1272 numquam
1203 1189 1553 1253 obliuiscar.
1601 1189 1723 1253 fuit
1781 1189 1909 1266 ille,
1979 1188 2085 1272 qui
2142 1190 2285 1252 ante
2334 1189 2447 1251 hos
2521 1208 2625 1251 sex
2687 1206 2881 1251 annos

809 1304 1004 1367 morte
1033 1302 1372 1366 inuidenda
1399 1302 1578 1366 beate
1625 1302 1796 1379 obiit,
1842 1322 1951 1384 per
1982 1303 2276 1384 quattuor
2306 1320 2509 1365 annos
2544 1301 2701 1363 mihi
2747 1320 2885 1365 ma-

806 1415 1002 1498 gister
1059 1415 1346 1496 idemque
1392 1415 1649 1492 amicUS‚
1697 1434 1817 1497 quo
1865 1415 2290 1498 benigniorem
2336 1416 2501 1477 terra
2552 1413 2711 1475 mihi
2760 1432 2884 1476 non

806 1527 976 1591 tulit.
1025 1528 1100 1591 ab
1147 1547 1217 1590 eo
1265 1526 1545 1590 eruditus
1592 1546 1732 1590 sum
1762 1528 2089 1609 praecipue
2124 1526 2361 1590 artibus
2392 1526 2882 1590 mathematicae

809 1639 1040 1723 linguis
1087 1639 1286 1702 latina
1317 1640 1381 1703 et
1410 1638 1656 1723 gallica.
1703 1642 1921 1720 postea
1964 1640 2030 1702 in
2078 1639 2491 1702 uniuersitate
2524 1639 2879 1702 litterarum

808 1752 1208 1816 vindobonae
1233 1751 1673 1835 magistrorum
1699 1771 1945 1815 summa
1972 1752 2233 1814 scientia
2257 1751 2609 1815 florentium
2634 1751 2879 1815 scholas

810 1865 1074 1942 adibam,
1107 1864 1214 1947 qui
1247 1866 1426 1928 sunt:
1460 1864 1747 1927 Hartel
1779 1863 2223 1927 Hoffmann
2256 1862 2711 1928 Schenkl'G
2737 1884 2880 1927 om—

807 1998 994 2060 perz
1055 1977 1396 2061 Hilberg
1457 1977 1945 2041 Hirschfeld
2023 1977 2514 2041 Fridericus
2576 1976 2881 2040 Muller

810 2093 1227 2155 Brentano
1287 2092 1897 2155 Zimmermann.
1947 2091 2039 2154 fui
2101 2090 2331 2154 sodalis
2396 2090 2876 2155 seminariorum

807 2204 1110 2288 philologi
1167 2206 1230 2268 et
1297 2204 1765 2288 archaeologici.
1829 2205 1973 2267 ante
2036 2223 2139 2267 sex
2202 2222 2449 2267 menses
2510 2202 2676 2265 edidi
2738 2222 2881 2265 uer-

809 2318 1048 2381 sionem
1094 2318 1366 2399 quinque
1398 2317 1699 2380 librorum
1734 2318 1808 2379 de
1842 2316 2225 2380 somniorum
2272 2316 2673 2392 coniectione,
2726 2332 2879 2397 quos

810 2430 1060 2513 scripsit
1102 2430 1532 2493 Artemidorus
1579 2429 1946 2493 Daldianu8.

983 2562 1053 2606 ac
1084 2562 1233 2606 uero
1261 2542 1459 2605 restat
1487 2543 1561 2604 ut
1593 2543 1856 2605 summis
1887 2541 2179 2605 laudibus
2204 2559 2679 2605 commemorem
2713 2540 2880 2603 uiros

811 2655 1272 2719 AEmilium
1329 2654 1614 2719 Scaria
1669 2653 2336 2717 Maximilianum
2397 2652 2700 2729 Neuda‚
2772 2652 2879 2733 qui

811 2767 1035 2831 studiis
1068 2768 1224 2831 meis
1271 2768 1555 2831 fauentes
1601 2786 1781 2830 curas
1815 2767 1888 2830 de
1921 2767 2105 2830 rebus
2132 2766 2208 2829 ad
2238 2766 2479 2829 uictum
2512 2764 2878 2828 necessariis

810 2900 1034 2964 graues
1079 2899 1305 2962 easque
1351 2880 1556 2943 Musis
1602 2880 1888 2943 inimicas
1934 2898 2042 2960 per
2090 2880 2215 2942 tres
2263 2896 2457 2941 annos
2504 2876 2772 2961 benigne
2807 2896 2880 2939 ex

813 2992 1018 3056 animo
1063 3010 1200 3055 meo
1248 2992 1666 3074 depellebant.

942 3210 1284 3273 scribebam
1317 3209 1717 3273 Vindobonae
1750 3227 1965 3271 mense
1999 3208 2287 3291 Augusto
2322 3227 2374 3270 a.
2409 3207 2470 3270 h.
2506 3226 2554 3269 S.
2589 3205 2875 3269 LXXXI.
