3400 5317
1756 689 2172 751 „84-

932 875 987 938 si
1018 875 1375 958 prouincias
1426 897 1499 942 ex
1543 878 1643 942 his
1688 878 1964 944 fecisset.
2015 913 2090 926 -—
2141 879 2357 944 contra
2401 878 2546 943 uide
2603 877 2838 956 „facere
2885 877 3010 942 ἅθ’*

928 1006 1116 1070 supra
1161 989 1281 1052 sub
1335 989 1509 1064 „de“.
1576 1027 1653 1036 —-
2125 1049 2132 1056 .
2973 1037 2980 1042 -

1126 1102 1215 1167 11.
1271 1121 1339 1185 p.
1401 1102 1587 1186 625,
1650 1103 1765 1169 21.
1852 1104 2018 1170 Gall.
2077 1106 2192 1180 17,
2253 1106 2327 1167 6:
2376 1123 2450 1168 ex
2507 1123 2632 1168 uno
2675 1103 2824 1168 uino
2879 1103 3016 1166 duo

921 1213 1149 1294 pocula
1208 1213 1401 1288 bibit3
1442 1251 1533 1285 ‚-
1578 1214 1683 1301 (ex
1729 1245 1813 1272 -ε
1861 1198 2026 1300 ἀπό)
2073 1216 2151 1281 of.
2201 1215 2372 1281 Ourt.
2421 1218 2482 1294 6,
2531 1217 2590 1293 7,
2641 1217 2742 1279 13.
2811 1254 2885 1262 ---

1127 1329 1213 1396 Η.
1262 1325 1359 1394 11.
1410 1347 1477 1412 p.
1532 1328 1718 1414 634,
1776 1329 1891 1396 37.
1981 1329 2161 1395 Diad.
2225 1332 2284 1408 3,
2337 1332 2406 1393 1:
2455 1329 2608 1394 fecit
2665 1327 3018 1394 simulacra

922 1458 995 1503 ex
1041 1459 1209 1504 auro.
1271 1477 1357 1488 —-
2643 1527 2653 1536 ι

1124 1553 1213 1618 Η.
1274 1573 1339 1637 p.
1404 1551 1596 1636 636,
1644 1552 1775 1620 40.
1819 1555 2010 1620 Mare.
2063 1557 2176 1632 19,
2227 1556 2298 1619 7:
2349 1554 2537 1618 multi
2569 1554 2782 1619 ferunt
2813 1553 3016 1619 Com-

922 1664 1178 1729 modum
1227 1665 1479 1730 omnino
1526 1685 1599 1730 ex
1644 1665 1952 1731 adulterio
1999 1668 2251 1740 natum:
2283 1703 2368 1714 —-
2423 1666 2662 1732 Comm.
2712 1668 2770 1744 7,
2804 1667 2877 1729 5:
2931 1685 3014 1730 ex

922 1795 1126 1840 sorore
1173 1776 1461 1860 genitus:
1512 1814 1588 1824 ·-
1653 1780 1819 1844 Pert.
1865 1781 1924 1856 8,
1977 1781 2102 1843 1οτ
2151 1798 2222 1844 ex
2275 1779 2556 1844 omnium
2611 1777 3014 1844 continentia

920 1887 1139 1952 uilitas
1184 1889 1335 1954 nata
1380 1891 1511 1966 est:
1568 1873 1637 1936 ‚⁸-
1688 1892 1906 1956 contra
1948 1890 2018 1954 in
2060 1910 2121 1954 u.
2171 1889 2360 1956 Gord.
2408 1893 2467 1968 2,
2523 1893 2597 1954 2;
2660 1891 2846 1954 natus
2901 1891 3016 1954 est

918 2001 1094 2080 patre
1142 1999 1242 2084 (M
1294 2019 1367 2066 ex
1421 1999 1549 2087 p.);
1605 2039 1672 2047 —
1724 2003 1940 2066 Aurel.
2005 2005 2059 2081 1,
2123 2005 2195 2067 3:
2257 2021 2330 2066 ex
2385 2001 2520 2066 eius
2567 2001 2806 2086 origine
2853 2021 3014 2066 san-

918 2111 1177 2195 guinem
1238 2113 1497 2189 ducere:
1566 2153 1611 2160 ··
1674 2115 1846 2199 Trig.
1909 2117 1954 2180 t.
2015 2117 2052 2178 2
2074 2117 2130 2194 1,
2199 2117 2267 2178 1:
2333 2135 2406 2180 ex
2463 2114 2580 2180 illa
2635 2113 2880 2178 familia
2941 2113 3010 2178 d.

917 2224 1252 2307 originem:
1288 2259 1369 2272 —-·
1410 2225 1629 2290 Claud.
1666 2229 1782 2304 13,
1831 2230 1901 2292 2;
1951 2247 2024 2292 ex
2067 2247 2142 2292 ea
2184 2228 2476 2312 genitus:
2529 2265 2608 2272 —
2655 2226 2733 2291 cf.
2782 2227 3014 2290 contra

916 2336 1123 2400 Valet.
1174 2339 1233 2414 3,
1282 2339 1355 2400 2:
1406 2338 1531 2402 alia
1576 2339 1776 2402 matre
1821 2339 2095 2424 genitus,
2160 2378 2242 2386 ——

1118 2450 1203 2515 11.
1251 2449 1349 2514 ΙΙ.
1381 2469 1445 2533 p.
1496 2449 1686 2532 643,
1734 2451 1988 2532 5o.¹¹¹)
2027 2488 2102 2498 —-
2137 2451 2300 2516 Geta
2330 2452 2390 2529 4,
2426 2453 2499 2516 4:
2534 2470 2644 2532 spe
2675 2449 3007 2533 proscrip-

916 2560 1159 2624 tionum
1206 2577 1297 2630 ex
1330 2562 1555 2643 quibus
1602 2563 1786 2627 ditati
1833 2564 2014 2639 sunt:
2051 2600 2130 2610 —-
2163 2563 2356 2628 Mser.
2407 2565 2468 2640 2,
2516 2565 2590 2626 2:
2639 2562 3012 2628 rumoribus

912 2689 951 2738 e
998 2671 1227 2754 quibus
1272 2673 1837 2761 premebatur3118)
1902 2714 1958 2722 —
2012 2676 2113 2740 Al.
2153 2675 2296 2741 Seu.
2330 2677 2448 2754 41,
2501 2677 2568 2738 7:
2624 2675 2732 2758 qui
2763 2694 2866 2740 eos
2903 2694 3008 2744 ex

914 2785 1051 2848 ouis
1092 2804 1161 2849 ac
1207 2785 1540 2867 pullicenis
1572 2807 1644 2852 ac
1674 2787 2032 2870 pipionibus
2065 2789 2339 2865 alerent:
2374 2825 2454 2836 --
2484 2791 2517 2852 Ι
2539 2790 2600 2866 5,
2634 2791 2708 2852 3:
2752 2787 3010 2852 malum

912 2915 1049 2960 esse
1109 2896 1547 2979 imperatorem
1609 2899 1718 2981 qui
1779 2919 1851 2964 ex
1911 2901 2260 2966 uisceribus
2335 2900 2822 2986 prouincialium
2883 2899 3008 2964 ho-

911 3007 1112 3071 mines
1160 3029 1284 3073 non
1325 3011 1708 3074 necessarios
1749 3015 2064 3092 pasceret:
2097 3051 2180 3058 —-
2211 3013 2460 3097 Heliog.
2509 3015 2628 3090 30,
2677 3014 2751 3076 6:
2801 3010 3007 3094 Syba-

909 3118 1164 3182 riticum
1186 3120 1455 3185 missum
1488 3141 1732 3204 semper
1757 3123 2042 3188 exhibuit
2074 3144 2145 3189 ex
2177 3124 2311 3189 oleo
2337 3127 2402 3188 et
2423 3145 2605 3209 garo:
2639 3163 2712 3172 —-
2741 3123 3004 3208 Heliog.

911 3231 971 3308 5,
1024 3233 1094 3296 l:
1158 3232 1468 3314 acceptior
1526 3233 1728 3298 forma
1784 3254 1970 3316 quam
2028 3254 2066 3303 e
2125 3237 2425 3301 moribus.
2474 3237 2564 3302 ita
2624 3256 2753 3302 exc.
2815 3271 2904 3282 --

1121 3345 1209 3410 Η.
1296 3344 1486 3428 643,
1570 3346 1683 3412 51.
1781 3346 1988 3412 Seuer.
2078 3351 2192 3426 14,
2275 3351 2347 3414 5:
2439 3349 2851 3414 Plautianum
2926 3368 3008 3413 ex

914 3455 1301 3520 amicissimo
1359 3458 1609 3542 cognita
1668 3459 1803 3523 eius
1865 3460 2000 3525 uita
2055 3462 2196 3525 odio
2259 3461 2512 3538 habuit:
2563 3501 2644 3508 -—
2693 3460 2867 3527 Com.
2915 3463 3006 3538 -6,

1124 3712 1211 3778 ¹¹³)
1236 3710 1303 3762 H.
1331 3710 1366 3762 l.
1394 3727 1465 3762 c.:
1504 3711 1872 3780 „deprauatae
1898 3714 2186 3769 latinitatis
2214 3716 2524 3783 (dicendum
2549 3723 2695 3772 erat:
2727 3724 3009 3775 sermonis

914 3803 1115 3872 plebei)
1141 3809 1225 3856 est
1251 3803 1394 3869 quod
1420 3805 1834 3860 instrumentum
1863 3810 2182 3876 exprimitur
2198 3812 2304 3864 hac
2330 3814 2753 3881 praepositione.
2785 3816 3008 3883 antiqui

911 3899 1206 3966 scriptores
1243 3897 1331 3949 uel
1370 3899 1669 3952 ablatiuum
1709 3902 2006 3969 simplicem
2043 3905 2131 3958 uel
2168 3922 2269 3974 per
2305 3908 2700 3976 usurpabant.“
2734 3937 2801 3948 --

1119 3993 1205 4057 11ἢ)
1248 3991 1313 4044 cf.
1340 3992 1544 4046 Fronto
1570 4011 1622 4061 p.
1648 4000 1747 4062 42,
1791 3999 1880 4050 19.
1918 3998 2084 4052 Nab.:
2124 4015 2190 4052 ex
2217 4004 2440 4055 summis
2473 4003 2668 4071 opibus
2704 4019 2996 4072 premere:

910 4116 975 4126 —
1015 4086 1153 4140 Gell.
1206 4089 1254 4153 7,
1306 4089 1353 4154 3,
1392 4091 1498 4140 47:
1550 4105 1616 4142 ex
1666 4104 1873 4143 summa
1923 4108 2022 4160 ope
2071 4095 2200 4162 niti3
2240 4127 2307 4134 —
2355 4097 2554 4150 Florus
2590 4099 2634 4150 I.
2684 4102 2715 4151 3
2768 4102 2844 4167 (p.
2902 4105 2928 4154 1
2949 4105 3004 4168 2,

913 4185 937 4234 1
958 4185 989 4234 7
1014 4181 1199 4248 Jahn.)
1238 4195 1305 4233 ex
1331 4183 1536 4235 su'mmo
1564 4183 1742 4238 studio
1779 4185 2004 4239 adnisus
2037 4195 2134 4241 est.
2161 4190 2238 4244 ita
2265 4191 2378 4244 cod.
2408 4193 2459 4246 N
2463 4207 2609 4246 azar.
2637 4192 2704 4246 cf.
2732 4210 3006 4262 graecum

908 4271 971 4325 ἐκ
1000 4271 1207 4332 παντός
1232 4274 1453 4344 τρόπον.
1496 4307 1553 4316 -
1595 4279 1814 4356 Cassius
1852 4280 2036 4334 Felix:
2076 4298 2143 4336 ex
2179 4287 2396 4353 aequali
2434 4288 2614 4356 modo,
2658 4293 2751 4355 11,
2795 4293 2856 4357 1,
2897 4293 3003 4358 54,

912 4375 1017 4438 12,
1044 4373 1142 4438 98,
1170 4374 1231 4438 9,
1262 4374 1401 4438 107,
1432 4377 1455 4424 1
1476 4375 1536 4441 9,
1567 4375 1700 4440 149,
1729 4378 1834 4442 21,
1875 4375 1941 4428 cf.
1966 4376 2304 4434 Plautinum:
2339 4397 2407 4435 ex
2445 4385 2670 4437 summis
2695 4384 3003 4452 opibus—
