3400 5317
1231 737 1319 748 ,1-
1410 700 1489 762 15
1580 739 1667 745 --

624 889 710 954 Η.
780 907 846 970 p.
916 889 1088 971 113,
1160 891 1224 954 9.
1318 890 1503 954 Gord.
1554 891 1669 965 29,
1720 892 1802 953 5:
1879 891 1956 954 ad
2002 891 2344 972 imperium
2390 909 2499 970 po-

415 1021 619 1076 scere:
686 1002 900 1065 Aurel.
960 1004 1077 1078 30,
1142 1004 1211 1064 l:
1274 1001 1352 1066 ad
1410 1021 1675 1083 poenam
1721 1023 1781 1084 p.
1871 1039 1944 1048 -ψ
2009 1003 2176 1067 Gall.
2246 1005 2362 1078 13,
2419 1003 2494 1066 4:

413 1114 654 1179 bellum
702 1116 779 1178 ad
825 1114 1171 1178 uindictam
1218 1134 1468 1196 parare:
1533 1152 1608 1161 —
1676 1115 1925 1198 Heliog.
1979 1118 2008 1178 1
2034 1117 2092 1191 2,
2141 1118 2217 1178 2;
2265 1116 2342 1180 ἃᾶ
2389 1116 2502 1178 110-

412 1246 591 1291 nores
638 1245 1001 1308 promouere
1024 1248 1039 1298 3
1062 1265 1151 1272 —
1173 1227 1336 1290 Max.
1375 1229 1405 1289 1
1430 1229 1489 1303 9,
1538 1228 1618 1290 5:
1654 1227 1983 1308 proludere
2017 1229 2094 1290 ad
2128 1227 2501 1308 imperium:

412 1341 704 1404 --—'Max.
756 1341 821 1402 et
865 1341 935 1402 B.
990 1342 1099 1415 10,
1148 1341 1222 1402 6:
1272 1340 1348 1402 ad
1408 1339 1748 1404 amicitiam
1814 1341 2127 1423 redigere:
2174 1378 2261 1386 ——
2305 1341 2498 1403 Marc.

414 1453 531 1528 23,
580 1453 654 1515 5:
704 1451 981 1514 subferre
1030 1451 1106 1514 ad
1166 1451 1440 1525 bellum:
1488 1489 1573 1496 ——
1619 1452 1784 1515 Max.
1834 1454 1865 1514 1
1890 1454 1948 1528 3,
1999 1453 2072 1515 5:
2121 1452 2198 1516 ad
2231 1451 2501 1515 crudeli-

415 1565 613 1628 tatem
658 1563 934 1646 operari:
980 1601 1068 1610 ---
1112 1563 1189 1627 cf.
1242 1562 1388 1628 Cod.
1454 1565 1513 1641 5,
1564 1566 1678 1640 12,
1731 1565 1802 1627 7:
1864 1565 1942 1628 ad
2002 1564 2398 1646 dispendium
2445 1584 2497 1627 o.

415 1675 595 1758 Cypr.
660 1675 735 1738 de
797 1675 990 1738 habit.
1055 1675 1213 1759 uirg.
1276 1694 1325 1738 c.
1398 1679 1511 1753 11,
1559 1697 1627 1758 p.
1671 1678 1842 1740 195.
1906 1677 1986 1740 Η.
2036 1677 2168 1740 23:
2218 1677 2295 1740 ad
2341 1695 2496 1739 usus

412 1789 607 1852 bonos
654 1807 880 1852 census
928 1807 1019 1859 o.;
1063 1825 1152 1834 —--
1196 1788 1411 1851 Aurel.
1476 1790 1591 1864 39,
1641 1789 1716 1853 4:
1777 1789 2028 1853 tabulas
2091 1787 2376 1870 publicas
2425 1788 2502 1851 ad

412 1902 803 1982 priuatorum
834 1901 1239 1964 securitatem
1271 1919 1559 1972 exurere:
1594 1938 1679 1944 ——
1711 1899 1879 1964 Gall.
1917 1902 1949 1962 1
1972 1902 2031 1976 2,
2066 1901 2140 1964 5:
2175 1899 2496 1982 subripere

415 2013 493 2076 ad
536 2013 813 2084 leonem:
858 2048 947 2058 —
991 2010 1225 2076 Comm.
1280 2014 1393 2088 18,
1445 2013 1574 2074 1οε
1622 2011 1846 2075 exaudi
1891 2009 2138 2087 Caesar,
2186 2010 2497 2074 delatores

418 2126 496 2188 ad
556 2125 825 2200 leonem,
889 2123 1221 2206 Speratum
1268 2125 1345 2188 ad
1378 2124 1662 2199 leonem:
1716 2126 1747 2186 1
1773 2126 1831 2200 8,
1885 2125 2014 2198 163
2053 2161 2131 2168 —
2162 2122 2342 2190 Proh.
2381 2124 2500 2198 20,

416 2240 490 2300 6:
539 2239 831 2300 nascetur
877 2236 955 2300 ad
1000 2255 1249 2317 pacem:
1312 2275 1399 2284 —-
1446 2237 1607 2302 Geta
1650 2240 1710 2314 2,
1760 2240 1835 2300 4:
1899 2237 1976 2300 ad
2037 2237 2174 2300 fisci
2234 2236 2501 2300 aduoca-

414 2349 649 2413 tionem
696 2348 1046 2432 delegerat:
1092 2389 1124 2394 -
1153 2388 1179 2394 -
1223 2349 1441 2426 Aurel,
1477 2353 1535 2426 9,
1570 2352 1644 2413 2:
1695 2350 2024 2414 decernere
2057 2351 2135 2414 ad
2169 2351 2498 2432 sumptus:

412 2499 501 2510 »-
548 2463 738 2526 Marc.
806 2465 836 2525 1
862 2463 919 2538 7,
969 2463 1042 2525 4:
1090 2463 1167 2526 ad
1214 2463 1331 2526 hoc
1391 2462 1633 2526 bellum
1686 2463 1996 2526 aerarium
2042 2462 2366 2534 exhausit:
2415 2499 2496 2507 —-

415 2574 596 2650 Geta,
643 2576 701 2651 5,
750 2577 825 2639 2:
872 2575 1161 2666 conferre
1196 2576 1273 2639 ad
1305 2595 1492 2639 suum
1524 2576 1804 2648 cultum:
1851 2613 1938 2622 --
1983 2576 2275 2640 Diadum.
2329 2578 2385 2651 1,
2422 2576 2498 2638 5:

416 2707 539 2751 non
586 2687 863 2751 multum
927 2707 1253 2769 superesse
1312 2688 1385 2752 ad
1448 2687 1683 2763 uitam:
1745 2725 1832 2735 ——-
1890 2689 2083 2752 Marc.
2132 2690 2170 2751 2
2191 2690 2251 2764 2,
2299 2689 2372 2750 6:
2422 2687 2502 2751 ad

416 2799 681 2862 militiae
742 2799 985 2862 labores
1046 2800 1233 2880 atque
1282 2799 1360 2864 ad
1420 2818 1666 2863 omnem
1718 2800 1918 2890 uitam
1964 2799 2367 2881 carpebatur:
2414 2837 2501 2846 —-

418 2912 581 2976 Max.
630 2913 695 2974 et
741 2912 813 2973 B.
863 2911 922 2988 5,
971 2912 1044 2974 5:
1108 2911 1186 2974 ad
1244 2910 1702 2992 praefecturam
1765 2911 2146 2984 subuehem:
2193 2949 2280 2956 ——
2332 2911 2499 2985 Fert,

419 3025 476 3100 7,
526 3019 596 3087 9:
642 3022 888 3086 reducti
933 3023 1011 3086 ad
1056 3021 1496 3086 ministerium.
1546 3023 1624 3086 cf.
1672 3022 1889 3088 Senec.
1939 3022 2140 3088 benef.
2189 3025 2250 3098 3,
2298 3025 2372 3086 9:
2421 3023 2500 3086 ad

418 3137 752 3200 consilium
798 3135 967 3200 uitae
1012 3156 1061 3200 r.
1120 3173 1206 3182 --
1266 3135 1482 3198 Aurel.
1533 3137 1571 3196 2
1594 3136 1650 3211 7,
1701 3136 1772 3197 1;
1839 3134 2110 3199 Zenobia
2169 3134 2498 3218 superbius

416 3248 741 3329 rescripsit
781 3286 868 3294 ——-
928 3248 1109 3312 credo
1172 3247 1247 3310 ad
1308 3249 1641 3321 terrorem:
1710 3283 1787 3292 -—-
1852 3246 1994 3310 Alb.
2043 3247 2103 3322 5,
2153 3247 2226 3310 7;
2273 3246 2351 3310 ad
2397 3265 2500 3310 ex-

421 3361 804 3425 caldationes
838 3360 1063 3434 dicari:
1088 3398 1175 3404 --
1204 3359 1369 3442 Trig.
1419 3362 1463 3422 t.
1500 3362 1538 3422 3
1558 3362 1616 3436 0,
1652 3362 1683 3422 1
1709 3363 1783 3424 9:
1817 3379 1934 3424 usa
1965 3362 2062 3424 est
2092 3359 2262 3424 uasis
2293 3360 2500 3424 aureis

421 3473 497 3536 ad
544 3471 866 3546 conuiuia:
917 3508 1002 3529 -π
1045 3473 1235 3536 Marc.
1300 3472 1359 3548 2,
1422 3473 1496 3535 2:
1557 3492 1617 3534 u.
1681 3492 1732 3536 e.
1796 3472 2115 3556 magistris
2171 3472 2255 3552 ,ad
2300 3471 2502 3554 prima

422 3587 765 3659 elementa:
834 3623 908 3632 -—-
971 3585 1138 3669 Trig.
1186 3587 1231 3649 t.
1281 3587 1318 3648 2
1339 3588 1398 3662 4,
1449 3588 1521 3648 1;
1570 3585 1649 3648 ἃᾶ
1692 3585 2026 3666 imperium
2087 3586 2368 3658 hortata:
2416 3612 2500 3640 π

423 3701 540 3776 30,
590 3701 663 3772 2;
709 3735 797 3746 --
840 3697 1087 3781 Heliog.
1155 3700 1267 3774 12,
1334 3700 1405 3760 1:
1455 3698 1531 3761 ad
1593 3697 2049 3779 praefecturam
2096 3696 2369 3769 adscire:
2415 3734 2502 3742 -m

424 3810 639 3874 Claud.
689 3813 748 3888 2,
797 3812 868 3873 8:
918 3810 997 3874 ad
1039 3809 1374 3890 imperium
1420 3809 1683 3892 eligere:
1728 3846 1809 3852 —-
1851 3809 2013 3872 Max.
2063 3809 2127 3871 et
2170 3810 2242 3872 B.
2280 3810 2391 3885 17,
2427 3811 2498 3871 2:

420 3923 601 3986 cuius
648 3924 724 3987 ad
772 3922 1044 3987 salutem
1102 3922 1255 3986 estis
1318 3921 1567 3998 adlecti,
1632 3920 1712 3984 cf.
1777 3921 2023 3985 Gruter.
2075 3920 2260 3985 inscr.
2325 3921 2498 3997 347,

428 4038 498 4098 1;
546 4056 598 4099 a.
650 4036 726 4100 ad
772 4055 1035 4098 munera
1093 4035 1285 4117 praef.
1349 4033 1616 4117 legionis
1678 4033 1818 4096 VII.
1868 4071 1956 4078 -κ
1999 4034 2140 4097 Tac.
2191 4036 2250 4109 4,
2301 4034 2373 4096 7:
2423 4032 2498 4096 ad

425 4187 630 4262 Tobiae
666 4209 779 4262 filio
817 4210 955 4263 Tobi
994 4225 1215 4262 uxorem
1256 4209 1416 4278 [καὶ.
1440 4248 1449 4258 .
1474 4206 2076 4280 .Σα’ῥραν...ὀοῡναι],
2113 4208 2303 4274 Regin.
2345 4207 2499 4260 Suec.

414 4335 491 4386 Ι-
544 4304 774 4374 denique
825 4305 891 4358 de
944 4306 1073 4373 „ae“
1125 4311 1180 4358 et
1229 4304 1362 4374 „ad“
1403 4306 1459 4366 in
1508 4305 1663 4366 libris
1723 4305 2106 4380 manuscriptis
2156 4305 2498 4366 commutatis

428 4401 497 4463 cf·
535 4402 603 4459 H·
640 4401 682 4457 1.
722 4419 775 4481 p.
818 4403 959 4466 134,
998 4432 1063 4446 --
