3400 5317
1592 688 2016 752 ..70-

763 879 917 945 Pius
949 881 1009 957 4,
1043 881 1115 944 8:
1156 900 1304 974 eum
1334 899 1522 945 uxore
1555 881 1951 963 argueretur:
1984 880 2054 942 M
2085 878 2162 942 ab
2192 896 2414 952 uxore:
2445 877 2842 940 Mommsen:

770 1000 1012 1070 „uxor.“
1066 993 1237 1057 haud
1280 994 1457 1075 apte:
1513 1029 1586 1039 —
1637 991 1766 1057 Sat.
1826 994 1885 1070 8,
1943 993 2015 1056 6:
2079 991 2191 1056 alii
2247 990 2488 1055 nitrum
2543 988 2870 1064 confiant‚'

762 1105 905 1169 aliis
952 1106 1168 1170 charta
1213 1105 1571 1181 conficitur:
1640 1141 1699 1150 —-
1751 1105 1845 1169 ab.
1895 1123 2018 1168 om.
2058 1104 2186 1168 BP.
2237 1103 2374 1166 add.
2423 1103 2510 1166 M.
2547 1138 2629 1148 —-
2669 1102 2838 1165 Pert.

764 1219 795 1280 1
822 1219 877 1294 1,
927 1219 1055 1280 10:
1102 1219 1291 1299 eaput
1321 1217 1567 1299 operuit
1606 1219 1794 1300 atque
1833 1216 2058 1281 ceteris
2105 1214 2432 1280 confossus
2479 1214 2608 1289 est:
2659 1212 2837 1277 edd:

764 1331 802 1394 a
857 1329 1115 1406 ceteris:
1160 1368 1249 1376 -—
1292 1330 1461 1414 Trig.
1524 1332 1568 1393 t.
1634 1332 1751 1408 26,
1816 1331 1890 1393 7:
1949 1330 2124 1415 regio
2185 1328 2342 1393 loeis
2404 1327 2664 1391 defensa
2715 1345 2846 1390 non

764 1442 1160 1518 hominibus:
1206 1479 1295 1488 -—-
1340 1441 1475 1507 Car.
1527 1445 1586 1520 3,
1639 1444 1712 1508 7:
1759 1442 2231 1525 percussoribus
2271 1440 2702 1523 deprehensus
2751 1440 2850 1503 est

765 1556 829 1618 et
858 1555 1135 1630 occisus:
1189 1591 1265 1602 --
1314 1554 1521 1620 Garin.
1556 1557 1670 1632 20,
1721 1558 1790 1619 6:
1839 1555 2052 1620 donati
2085 1558 2236 1620 sunt
2265 1551 2647 1619 Atrabatiois
2694 1551 2847 1615 birri

764 1666 985 1747 petiti:
1040 1703 1117 1712 —
1164 1667 1329 1731 Pert.
1366 1669 1424 1745 3,
1473 1669 1545 1731 3:
1584 1667 1796 1732 iussus
1829 1668 2048 1732 statim
2085 1668 2366 1732 Perenne
2413 1665 2482 1729 in
2512 1662 2848 1747 Liguriam

768 1778 1084 1854 secedere:
1110 1817 1196 1826 —
1222 1799 1257 1842 a
1280 1797 1401 1843 om.
1426 1781 1607 1844 B.—
1631 1780 1827 1844 Maro.
1864 1782 1964 1857 13,
2000 1783 2069 1842 1:
2102 1778 2579 1858 retardatusque
2613 1775 2846 1839 bellica

766 1891 1150 1971 profectione
1165 1894 1261 1956 est
1278 1915 1293 1966 ;
1324 1929 1387 1938 —-
1401 1893 1595 1956 Firm.
1616 1895 1676 1970 5,
1699 1895 1730 1956 1
1755 1915 1768 1956 :
1788 1892 2130 1957 Aureliano
2148 1890 2222 1956 de
2239 1890 2525 1956 Thraciis
2541 1889 2844 1953 redeunte

771 2005 1103 2085 superatus
1148 2006 1291 2079 est:
1346 2043 1418 2050 —
1470 2005 1651 2068 Prob.
1703 2007 1802 2080 15,
1870 2005 1936 2068 3:
1985 2003 2388 2088 septuaginta
2437 2002 2622 2067 urbes
2667 1999 2850 2064 nobi-

770 2114 1052 2180 lissimae
1098 2115 1469 2198 captiuitate
1516 2116 1797 2181 hostium
1843 2116 2222 2180 uindicatae.
2281 2122 2386 2190 „a“
2453 2133 2596 2178 om..
2619 2112 2849 2177 BP1M.

776 2226 915 2290 add.
964 2227 1061 2291 1³³.
1112 2227 1189 2292 ef.
1224 2229 1472 2292 eontra:
1522 2228 1687 2295 Gall.
1723 2230 1782 2305 4,
1816 2230 1892 2304 4;
1939 2230 1999 2306 4,
2035 2229 2109 2304 53
2147 2265 2216 2274 —-
2246 2228 2467 2292 Verus.
2507 2227 2606 2303 10,
2642 2226 2710 2288 5:
2739 2243 2852 2287 an-

772 2341 1105 2404 teuentum
1151 2341 1423 2406 Lucium
1462 2343 1802 2418 Faustina:
1859 2379 1931 2388 —
1965 2340 2213 2424 Heliog.
2248 2342 2308 2417 4,
2356 2342 2426 2403 4:
2475 2337 2856 2404 Semiamira

772 2452 941 2517 faeta
964 2453 1113 2518 sunt
1137 2456 1393 2518 senatus
1416 2455 1734 2530 consulta:
1759 2491 1843 2500 —-—-
1867 2453 2036 2538 Trig.
2062 2454 2108 2517 t.
2136 2455 2174 2516 2
2194 2455 2252 2528 3,
2281 2454 2350 2516 1:
2385 2451 2492 2516 sed
2516 2449 2855 2515 Valeriano

776 2564 1047 2630 dilectus
1078 2564 1456 2631 Saturninus
1489 2567 1643 2642 fuit:
1676 2568 1774 2631 M:
1813 2566 1924 2631 sed
1954 2585 2019 2642 a:
2076 2602 2148 2610 —-
2185 2564 2520 2647 Eyssenh.:
2569 2565 2634 2627 et
2664 2581 2732 2637 a:
2767 2598 2854 2610 —-

776 2676 913 2742 Car.
962 2679 1022 2756 4,
1074 2681 1140 2744 7:
1188 2678 1287 2743 fae
1318 2680 1517 2764 igitur
1547 2682 1622 2744 ut
1651 2679 1996 2744 maioribus
2029 2679 2275 2754 nostriS‚
2323 2677 2389 2740 id
2423 2678 2519 2741 est
2547 2674 2852 2740 Romanis

775 2809 899 2854 non
959 2790 1416 2874 discrepemus:
1506 2830 1565 2837 —
1637 2791 1774 2857 Car.
1840 2794 1913 2856 4:
1976 2792 2045 2855 in
2121 2789 2517 2872 ephemeride
2579 2787 2856 2870 quadam

775 2902 1005 2986 legisse
1053 2903 1334 2982 memini,
1400 2903 1631 2968 Carum
1677 2903 2214 2968 Mediolanensem
2263 2901 2480 2978 fuisse,
2543 2900 2677 2964 sed
2707 2917 2854 2963 auo

775 3013 917 3089 iuri,
945 3014 1373 3098 Aquileiensis
1418 3015 1699 3082 ciuitatis
1747 3014 2162 3097 insertum.⁹³)
2225 3051 2309 3061 w

991 3128 1080 3194 H.
1125 3149 1189 3212 p.
1236 3126 1346 3211 32,
1409 3127 1469 3194 7.
1515 3128 1689 3192 Alex.
1757 3127 1967 3193 Seuer.
2031 3127 2150 3204 27,
2201 3127 2270 3188 1:
2321 3144 2357 3190 a
2402 3123 2643 3188 uestitu
2675 3117 2854 3186 dino-

778 3259 982 3316 scere:
1032 3279 1117 3286 —-
1146 3240 1329 3305 Diad.
1382 3242 1439 3318 7,
1474 3242 1549 3304 4:
1581 3241 1934 3305 Antoninos
1979 3238 2178 3322 pluris
2224 3237 2419 3302 fuisse
2468 3255 2656 3319 quam
2705 3235 2856 3299 deos

780 3353 856 3416 ab
903 3353 1101 3417 trium
1146 3352 1505 3436 principum
1552 3353 1868 3435 amorem)
1925 3391 1996 3398 -

990 3535 1057 3600 ⁹³)
1109 3535 1246 3588 mira
1296 3539 1422 3587 sunt
1475 3548 1611 3600 quae
1657 3532 1980 3608 Hudemann
2031 3532 2140 3605 (132
2163 3531 2250 3599 Ε.)
2300 3533 2356 3585 in
2404 3529 2676 3596 Philologi
2726 3533 2862 3580 tom.

781 3629 870 3680 IX.
911 3643 957 3682 a.
1000 3629 1149 3696 1855,
1201 3628 1357 3681 dicit:
1411 3627 1621 3696 „Wenn
1669 3643 1795 3680 man
1843 3644 1954 3681 nun
2003 3627 2144 3680 auch
2180 3625 2381 3693 gerade
2431 3624 2582 3678 nicht
2615 3625 2715 3676 mit
2753 3623 2861 3676 Ca-

782 3724 1055 3776 saubonus
1094 3722 1162 3777 ab
1200 3739 1303 3776 auo
1352 3723 1505 3776 lesen
1552 3723 1681 3790 will,
1731 3723 1852 3776 weil
1903 3722 1990 3776 die
2027 3722 2206 3789 Frage
2255 3722 2371 3774 sein
2408 3722 2572 3786 kann,
2623 3720 2690 3773 ob
2743 3719 2863 3772 sein

781 3819 1104 3872 Grossvater
1154 3817 1319 3870 soviel
1368 3817 1609 3870 Einfluss
1659 3817 1876 3886 gehabt,
1927 3834 2018 3870 um
2065 3817 2178 3870 ihm
2228 3817 2326 3870 das
2375 3814 2744 3882 Burgerrecht
2805 3816 2864 3868 in

774 3914 935 3982 jener
960 3912 1119 3966 Stadt
1156 3929 1225 3965 zu
1243 3911 1585 3971 ,verschaffen
1626 3913 1738 3980 (91),
1780 3927 1839 3964 so
1863 3912 1995 3965 wird
2033 3912 2308 3966 vielleicht
2339 3926 2372 3964 a
2395 3926 2565 3978 puero
2604 3910 2868 3977 richtiger
2963 3969 2974 3976 ,
3023 3973 3034 3980 -

784 4009 917 4075 sein,
970 4023 1030 4061 so
1079 4007 1207 4061 dass
1258 4007 1355 4060 der
1406 4006 1538 4060 Sinn
1587 4007 1684 4061 der
1735 4007 1904 4060 Stello
1953 4008 2044 4074 ist,
2093 4023 2155 4060 er
2203 4007 2282 4060 sei
2318 4007 2374 4060 in
2424 4006 2604 4058 seiner
2641 4005 2865 4072 Jugend

787 4105 1002 4170 Burger
1037 4103 1094 4156 in
1129 4102 1385 4170 Aquileja
1421 4102 1758 4170 geworden.“
1806 4131 1871 4140 —

994 4201 1057 4267 ⁹⁴)
1093 4200 1167 4252 B:
1190 4214 1253 4252 ac
1277 4199 1439 4251 trium
1459 4216 1512 4267 p.
1532 4213 1580 4251 a.
1601 4228 1667 4238 —-
1690 4197 1948 4252 Salmas:
1976 4199 2043 4252 ob
2062 4203 2102 4251 t.
2127 4215 2178 4265 p.
2199 4213 2451 4251 amorem.
2490 4227 2557 4236 -
2579 4197 2626 4251 si
2648 4211 2858 4250 mecum

789 4295 919 4357 „ac“
944 4311 1043 4363 pro
1072 4295 1206 4361 „ab“
1234 4308 1267 4348 a
1290 4294 1515 4346 librario
1551 4294 1862 4360 neglegenti
1893 4294 2152 4360 scriptum
2178 4293 2490 4360 sumpseriS,
2529 4291 2674 4359 quod
2713 4291 2869 4345 haud

789 4405 915 4443 raro
940 4390 995 4441 in
1015 4389 1170 4442 libris
1189 4389 1464 4442 inuenitur
1484 4387 1842 4454 supersedere
1861 4402 2148 4456 possumus
2175 4386 2427 4441 Salmasii
2447 4387 2773 4440 coniectura.
2791 4416 2862 4426 —-
