3400 5317
936 665 995 728 X

930 873 995 918 re
1043 855 1301 938 egerint.
1362 855 1549 919 liceat
1608 855 1790 918 modo
1849 854 2152 936 quaedam
2211 854 2494 936 exempla
2547 873 2900 936 proponere
2949 855 3014 918 in

932 968 1157 1050 quibus
1202 987 1383 1031 casus
1416 968 1812 1031 librariorum
1851 967 2251 1050 neglegentia
2279 967 2574 1048 permixti
2622 967 3012 1044 exhibentur,

932 1099 1051 1162 quo
1106 1081 1352 1144 facilius
1412 1081 1527 1144 tibi
1570 1081 1811 1144 iustum
1867 1080 2168 1144 iudicium
2229 1080 2304 1144 de
2350 1080 2574 1144 horum
2637 1081 3016 1162 scriptorum

929 1194 1103 1257 textu
1134 1195 1207 1256 ut
1236 1194 1301 1257 in
1347 1194 1661 1258 codicibus
1692 1193 1962 1256 traditur
1991 1192 2374 1256 conformare
2417 1212 2562 1274 poss
2575 1193 2649 1256 is.

1137 1321 1242 1374 loci
1304 1322 1394 1375 ubi
1454 1322 1800 1375 accusatiuus
1861 1321 1949 1374 uel
2015 1320 2416 1374 desideratiuus
2475 1336 2574 1388 pro
2639 1336 2770 1374 casu
2838 1321 3002 1374 locali

929 1418 1164 1472 traditur
1200 1424 1355 1471 sunt:

1136 1513 1305 1567 Marc.
1342 1516 1393 1580 8,
1432 1517 1491 1566 9:
1530 1514 1754 1567 Romam
1792 1514 2067 1566 remansit.
2131 1513 2233 1566 BP.
2276 1512 2422 1564 Com.
2461 1515 2512 1578 8,
2551 1515 2610 1566 5;
2649 1512 2796 1566 feras
2821 1514 3011 1567 Lanu-

930 1610 1075 1662 uium
1112 1610 1167 1661 in
1204 1609 1602 1676 amphitheatro
1640 1607 1853 1660 occidit.
1893 1607 2066 1659 BPM.

1134 1705 1278 1757 Max.
1319 1711 1373 1757 et
1410 1705 1561 1756 Balb.
1604 1707 1704 1756 16:
1745 1703 2015 1756 resedisse
2057 1704 2387 1756 Rauennam.
2431 1703 2632 1756 B.—P:
2674 1702 2818 1770 apud
2855 1703 2920 1756 R.
2949 1735 3006 1741 —

1136 1817 1234 1868 pro
1272 1800 1511 1853 ablatiuo
1548 1799 1973 1853 desideratiuum
2015 1799 2271 1850 exhibent
2309 1797 2553 1850 codices:

1136 1897 1284 1964 Trig.
1319 1902 1357 1950 t.
1396 1899 1489 1961 32,
1532 1898 1588 1947 1;
1638 1896 1887 1948 timorem
1936 1894 2209 1946 uiolentae
2247 1895 2437 1946 mortis
2490 1895 2790 1962 imperasse
2839 1895 3004 1948 BPM.

928 1995 1095 2046 Marc.
1130 1996 1218 2058 17,
1247 1995 1304 2044 7:
1344 1993 1555 2044 leonem
1580 2007 1742 2044 unam
1779 1990 2088 2042 missionem
2123 1989 2282 2041 simul
2320 1989 2583 2042 exhibens
2611 1990 2716 2042 BP.
2753 1990 2924 2044 Hadr.
2951 1993 3002 2057 5,

929 2095 989 2142 D:
1042 2095 1164 2157 post
1200 2089 1335 2142 haec
1371 2088 1714 2140 Antiochiam
1753 2087 2029 2152 digressus
2079 2092 2176 2138 est.
2225 2086 2330 2138 BP.
2369 2085 2492 2138 Did.
2533 2086 2645 2138 Jul.
2682 2089 2744 2138 8:
2793 2087 2946 2140 missi
2971 2103 3004 2140 a

928 2191 1118 2238 senatu
1157 2200 1381 2252 quorum
1422 2199 1603 2235 curam
1640 2199 1740 2250 per
1779 2182 2000 2233 militem
2039 2182 2346 2248 gregarium
2385 2212 2446 2218 —
2485 2182 2696 2234 occisus
2725 2188 2822 2234 est.
2863 2183 2999 2236 BP'.

932 2259 1113 2333 Seuer.
1165 2284 1213 2346 9,
1263 2283 1321 2331 5:
1372 2279 1597 2346 Nigrum
1647 2281 1810 2330 etiam
1863 2279 2062 2329 uictum
2115 2277 2263 2343 (pro:
2317 2278 2484 2344 uictu)
2535 2278 2788 2330 iuuerant
2839 2278 3006 2330 BPM.

930 2378 1074 2430 Max.
1114 2381 1209 2442 20,
1248 2381 1307 2427 8ε
1361 2391 1419 2426 se
1466 2390 1594 2426 uere
1645 2373 1854 2425 hostem
1905 2373 2139 2424 omnium
2191 2372 2448 2425 iudicium
2497 2373 2703 2426 haberi.
2743 2373 2817 2438 B;
2853 2374 3005 2426 Pesc.

929 2473 993 2526 N.
1033 2475 1080 2538 7,
1120 2476 1177 2524 9:
1218 2487 1315 2523 uos
1354 2477 1531 2523 terras
1570 2475 1783 2522 uestras
1825 2469 1998 2520 leuari
2037 2469 2389 2521 censitionem
2428 2470 2594 2522 uultis
2635 2470 2798 2523 BPM.
2839 2469 3004 2522 Gord.

938 2573 1026 2632 10,
1076 2569 1136 2618 8:
1191 2569 1396 2619 iussum
1446 2563 1780 2618 Gordianum
1834 2564 2232 2629 interemptum.
2285 2564 2390 2617 BP.
2441 2565 2511 2617 ib.
2569 2568 2660 2631 14,
2713 2567 2772 2617 5:
2829 2564 3006 2617 lentas

931 2663 1157 2716 militum
1196 2669 1401 2715 mentes
1453 2667 1508 2713 et
1542 2677 1650 2712 non
1684 2660 1896 2712 alacres
1937 2659 2144 2712 animos
2196 2659 2335 2711 hanc
2387 2661 2688 2713 contionem
2740 2667 2795 2714 et
2829 2661 3006 2714 Maxi-

931 2760 1105 2812 minus
1145 2759 1258 2824 ipse
1296 2757 1563 2822 cognouit.
1602 2755 1709 2807 BP.
1747 2754 1900 2806 Pesc.
1929 2754 1994 2805 N.
2033 2756 2082 2820 3,
2123 2755 2181 2806 9:
2221 2769 2378 2820 quem
2419 2754 2562 2806 bello
2600 2756 2845 2808 uicimus
2885 2756 3003 2823 BP;

930 2855 1037 2906 132:
1078 2853 1249 2920 bello;
1286 2853 1390 2904 P'2:
1428 2867 1527 2918 per
1563 2850 1782 2902 bellum.
1820 2850 2146 2916 Petschenig
2184 2850 2239 2900 in
2277 2849 2462 2901 libello
2501 2850 2703 2902 maiore
2744 2867 2811 2903 ex
2847 2858 3003 2918 parte

932 2949 1245 3016 sagacitatis
1266 2949 1451 3014 pleno:
1484 2947 1739 3012 Beitrage
1759 2962 1858 2996 zur
1879 2945 2252 2996 Texteskritik
2274 2945 2371 2996 der
2391 2960 2433 2997 s.
2455 2945 2508 2997 h.
2531 2961 2577 2997 a.
2604 2945 2829 2999 Vindob.
2857 2950 3002 2999 1879.

930 3063 980 3112 p.
1020 3049 1131 3111 293
1170 3044 1436 3096 excidisse
1484 3048 1641 3110 putat
1676 3047 1802 3108 post
1841 3042 1957 3106 „in“
1998 3040 2248 3092 uocabuli
2289 3043 2512 3107 „quem“
2551 3043 3006 3108 praepositionem

932 3155 1070 3206 quae
1123 3145 1207 3192 est
1246 3140 1364 3205 „in“
1405 3137 1688 3203 adfertque
1728 3135 1978 3203 exempla
2029 3136 2121 3187 ubi
2162 3136 2282 3202 „in“
2333 3152 2451 3188 cum
2491 3136 2862 3190 desideratiuo
2904 3153 3004 3204 pro

934 3237 1172 3289 ablatiuo
1224 3235 1571 3299 construitur,
1616 3231 1713 3284 sed
1761 3231 1970 3284 nullum
2019 3230 2251 3296 quadrat
2299 3230 2368 3284 ad
2418 3230 2838 3286 confirmandam
2887 3233 3004 3285 eius

932 3333 1325 3398 coniecturam3
1362 3331 1479 3398 ipse
1518 3330 1697 3382 omnia
1735 3329 1946 3394 conlegi
1985 3327 2232 3400 exempla
2269 3327 2415 3390 (uide
2452 3327 2634 3396 infra),
2671 3345 2898 3395 quorum
2935 3345 3004 3380 ne

934 3444 1097 3480 unum
1135 3425 1349 3493 quidem
1387 3442 1505 3477 cum
1544 3425 1645 3476 hoc
1692 3424 1759 3476 de
1796 3439 1902 3489 quo
1939 3424 2120 3488 agitur
2157 3423 2459 3488 comparari
2499 3423 2641 3490 licet,
2669 3431 2814 3475 recte
2840 3424 3004 3490 igitur

934 3524 1169 3576 editores
1210 3522 1437 3589 „bello“.
1476 3551 1540 3558 —-
1578 3519 1747 3572 Hadr.
1788 3521 1869 3585 12,
1909 3523 1965 3570 5:
2005 3534 2163 3571 seruo
2190 3519 2244 3570 in
2271 3534 2328 3570 se
2369 3536 2486 3570 cum
2524 3519 2706 3585 gladio
2745 3519 3002 3572 furiosius

929 3621 1246 3671 inruentem.
1316 3617 1452 3668 BP'.
1490 3615 1647 3667 Prob.
1687 3619 1738 3681 9,
1777 3619 1835 3666 2:
1879 3614 2266 3681 (sepulchrum)
2306 3630 2410 3680 quo
2455 3620 2633 3666 exstat
2668 3615 2876 3667 tumulo
2917 3631 3001 3667 us-

931 3731 1033 3782 que
1060 3715 1129 3767 ad
1156 3714 1415 3766 ducentos
1452 3711 1619 3779 pedes
1657 3718 1806 3764 terra
1833 3711 2048 3762 elatum.
2089 3709 2294 3762 Pescen
2351 3711 2470 3776 Nig.
2509 3713 2559 3776 5,
2599 3713 2657 3762 5:
2698 3712 3002 3763 uenientem

931 3814 985 3864 in
1024 3812 1284 3864 orientem
1324 3811 1542 3862 Seuero,
1582 3809 1642 3860 B.
1681 3840 1748 3846 —

1141 3923 1239 3973 pro
1282 3905 1648 3958 desideratiuo
1687 3903 2013 3956 ablatiuum:

1139 4003 1307 4054 Marc.
1352 4004 1445 4066 19,
1487 4005 1535 4052 2.
1586 4001 1764 4067 (extr.)
1803 3999 1960 4051 Plato
2011 3999 2057 4049 si
2107 4001 2417 4048 reuertatur
2465 3997 2519 4048 in
2571 3997 2684 4049 uita
2733 3997 2896 4050 BPM.
2937 4029 3002 4035 —

931 4099 1085 4150 Alex.
1115 4098 1298 4149 Seuer.
1326 4099 1421 4162 62,
1450 4100 1508 4149 3:
1546 4096 1786 4162 insignes
1817 4095 1963 4147 uiros
1990 4096 2080 4162 qui
2107 4108 2213 4145 non
2239 4092 2421 4158 quieta
2453 4098 2623 4143 morte
2651 4095 3001 4160 oppetissent.

936 4225 995 4232 -—-
1047 4193 1195 4259 Trig.
1244 4199 1281 4246 t.
1338 4195 1429 4259 19,
1484 4197 1536 4243 l:
1588 4192 1975 4259 proconsulatu
2027 4191 2266 4244 Achaiae
2316 4190 2668 4258 gubernabat.
2723 4191 2882 4242 BPM.
2938 4222 3000 4228 *-

930 4291 1057 4342 Ver.
1096 4293 1142 4354 3,
1183 4291 1242 4341 8:
1282 4305 1399 4340 cum
1438 4288 1519 4339 illi
1558 4288 1659 4339 soli
1698 4293 1920 4339 senatus
1956 4287 2242 4340 detulisset
2279 4287 2502 4353 imperio
2534 4287 2668 4337 BP1.
2713 4317 2777 4324 —
2809 4285 2997 4338 Claud.

937 4389 1027 4451 12,
1066 4389 1120 4437 4:
1161 4384 1379 4436 barbari
1417 4383 1683 4434 Anchialo
1723 4389 1940 4436 uastare
1978 4384 2154 4436 conati
2194 4388 2332 4434 sunt.
2379 4413 2446 4420 —
2485 4381 2668 4434 Aurel.
2712 4385 2756 4448 1,
2801 4385 2902 4433 10:
2942 4388 3000 4433 tu
