<?xml version="1.0" encoding="UTF-8"?>
<!DOCTYPE html PUBLIC "-//W3C//DTD XHTML 1.0 Transitional//EN"
    "http://www.w3.org/TR/xhtml1/DTD/xhtml1-transitional.dtd">
<html xmlns="http://www.w3.org/1999/xhtml" xml:lang="en" lang="en">
 <head>
  <title>
</title>
<meta http-equiv="Content-Type" content="text/html;charset=utf-8" />
  <meta name='ocr-system' content='tesseract 3.04.00' />
  <meta name='ocr-capabilities' content='ocr_page ocr_carea ocr_par ocr_line ocrx_word'/>
</head>
<body>
  <div class='ocr_page' id='page_1' title='image "./depraepositionu00kraugoog_0018.png"; bbox 0 0 3400 5317; ppageno 0'>
   <div class='ocr_carea' id='block_1_1' title="bbox 940 662 1064 725">
    <p class='ocr_par' dir='ltr' id='par_1_1' title="bbox 940 662 1064 725">
     <span class='ocr_line' id='line_1_1' title="bbox 940 662 1064 725; baseline -0.008 0"><span class='ocrx_word' id='word_1_1' title='bbox 940 662 1064 725; x_wconf 93' lang='lat' dir='ltr'>XII</span> 
     </span>
    </p>
   </div>
   <div class='ocr_carea' id='block_1_2' title="bbox 924 853 3043 3988">
    <p class='ocr_par' dir='ltr' id='par_1_2' title="bbox 925 853 3023 2405">
     <span class='ocr_line' id='line_1_2' title="bbox 934 853 3002 938; baseline 0.001 -22"><span class='ocrx_word' id='word_1_2' title='bbox 934 854 1213 916; x_wconf 88' lang='lat' dir='ltr'>suerunt.</span> <span class='ocrx_word' id='word_1_3' title='bbox 1261 854 1596 935; x_wconf 90' lang='lat' dir='ltr'>utrumque</span> <span class='ocrx_word' id='word_1_4' title='bbox 1657 853 1826 917; x_wconf 87' lang='lat' dir='ltr'>enim</span> <span class='ocrx_word' id='word_1_5' title='bbox 1885 873 2084 917; x_wconf 92' lang='lat' dir='ltr'>unum</span> <span class='ocrx_word' id='word_1_6' title='bbox 2141 854 2333 917; x_wconf 90' lang='lat' dir='ltr'>habet</span> <span class='ocrx_word' id='word_1_7' title='bbox 2390 856 2830 938; x_wconf 81' lang='lat' dir='ltr'><strong>argumentum</strong></span> <span class='ocrx_word' id='word_1_8' title='bbox 2892 855 3002 919; x_wconf 88' lang='lat' dir='ltr'>sed</span> 
     </span>
     <span class='ocr_line' id='line_1_3' title="bbox 931 960 3023 1049; baseline 0.001 -20"><span class='ocrx_word' id='word_1_9' title='bbox 931 965 1182 1029; x_wconf 87' lang='lat' dir='ltr'>diuersa</span> <span class='ocrx_word' id='word_1_10' title='bbox 1235 967 1334 1029; x_wconf 87' lang='lat' dir='ltr'>est</span> <span class='ocrx_word' id='word_1_11' title='bbox 1389 965 1524 1029; x_wconf 89' lang='lat' dir='ltr'>eius</span> <span class='ocrx_word' id='word_1_12' title='bbox 1585 960 1861 1029; x_wconf 46' lang='lat' dir='ltr'>relatio}</span> <span class='ocrx_word' id='word_1_13' title='bbox 1926 1004 2011 1013; x_wconf 96' lang='lat'><strong>—</strong></span> <span class='ocrx_word' id='word_1_14' title='bbox 2069 986 2225 1049; x_wconf 91' lang='lat' dir='ltr'>quae</span> <span class='ocrx_word' id='word_1_15' title='bbox 2287 966 2541 1049; x_wconf 90' lang='lat' dir='ltr'>quidem</span> <span class='ocrx_word' id='word_1_16' title='bbox 2584 968 2753 1031; x_wconf 89' lang='lat' dir='ltr'>recte</span> <span class='ocrx_word' id='word_1_17' title='bbox 2821 967 3023 1031; x_wconf 93' lang='lat' dir='ltr'>anim-</span> 
     </span>
     <span class='ocr_line' id='line_1_4' title="bbox 932 1078 3021 1161; baseline 0 -18"><span class='ocrx_word' id='word_1_18' title='bbox 932 1078 1266 1143; x_wconf 90' lang='lat' dir='ltr'>aduertens</span> <span class='ocrx_word' id='word_1_19' title='bbox 1326 1079 1583 1143; x_wconf 90' lang='lat' dir='ltr'>minime</span> <span class='ocrx_word' id='word_1_20' title='bbox 1642 1079 1949 1143; x_wconf 89' lang='lat' dir='ltr'>imitanda</span> <span class='ocrx_word' id='word_1_21' title='bbox 1992 1079 2097 1143; x_wconf 93' lang='lat' dir='ltr'>uia</span> <span class='ocrx_word' id='word_1_22' title='bbox 2142 1098 2251 1161; x_wconf 90' lang='lat' dir='ltr'>per</span> <span class='ocrx_word' id='word_1_23' title='bbox 2314 1079 2669 1144; x_wconf 87' lang='lat' dir='ltr'>litterarum</span> <span class='ocrx_word' id='word_1_24' title='bbox 2730 1080 3021 1144; x_wconf 85' lang='lat' dir='ltr'>ordinem</span> 
     </span>
     <span class='ocr_line' id='line_1_5' title="bbox 929 1190 3005 1275; baseline 0.001 -20"><span class='ocrx_word' id='word_1_25' title='bbox 929 1191 1415 1273; x_wconf 76' lang='lat' dir='ltr'>praepositiones</span> <span class='ocrx_word' id='word_1_26' title='bbox 1461 1192 1777 1269; x_wconf 87' lang='lat' dir='ltr'>tractauit,</span> <span class='ocrx_word' id='word_1_27' title='bbox 1825 1210 1945 1275; x_wconf 92' lang='lat' dir='ltr'>quo</span> <span class='ocrx_word' id='word_1_28' title='bbox 1976 1190 2216 1256; x_wconf 86' lang='lat' dir='ltr'>factum</span> <span class='ocrx_word' id='word_1_29' title='bbox 2261 1193 2375 1269; x_wconf 87' lang='lat' dir='ltr'>est,</span> <span class='ocrx_word' id='word_1_30' title='bbox 2422 1194 2496 1256; x_wconf 94' lang='lat' dir='ltr'>ut</span> <span class='ocrx_word' id='word_1_31' title='bbox 2523 1211 2623 1256; x_wconf 88' lang='lat' dir='ltr'>res</span> <span class='ocrx_word' id='word_1_32' title='bbox 2653 1193 3005 1275; x_wconf 84' lang='lat' dir='ltr'>propositas</span> 
     </span>
     <span class='ocr_line' id='line_1_6' title="bbox 931 1304 3004 1387; baseline 0 -19"><span class='ocrx_word' id='word_1_33' title='bbox 931 1305 1177 1386; x_wconf 90' lang='lat' dir='ltr'>saepius</span> <span class='ocrx_word' id='word_1_34' title='bbox 1243 1304 1508 1369; x_wconf 88' lang='lat' dir='ltr'>diuersis</span> <span class='ocrx_word' id='word_1_35' title='bbox 1575 1304 1729 1369; x_wconf 85' lang='lat' dir='ltr'>locis</span> <span class='ocrx_word' id='word_1_36' title='bbox 1796 1305 2110 1383; x_wconf 88' lang='lat' dir='ltr'>tractaret,</span> <span class='ocrx_word' id='word_1_37' title='bbox 2174 1304 2423 1369; x_wconf 87' lang='lat' dir='ltr'>easdem</span> <span class='ocrx_word' id='word_1_38' title='bbox 2488 1305 2777 1387; x_wconf 87' lang='lat' dir='ltr'>pluribus</span> <span class='ocrx_word' id='word_1_39' title='bbox 2849 1306 3004 1370; x_wconf 87' lang='lat' dir='ltr'>locis</span> 
     </span>
     <span class='ocr_line' id='line_1_7' title="bbox 930 1416 3017 1501; baseline 0.001 -20"><span class='ocrx_word' id='word_1_40' title='bbox 930 1418 1458 1494; x_wconf 83' lang='lat' dir='ltr'>commemoraret,</span> <span class='ocrx_word' id='word_1_41' title='bbox 1519 1416 1609 1481; x_wconf 88' lang='lat' dir='ltr'>ita</span> <span class='ocrx_word' id='word_1_42' title='bbox 1667 1419 1743 1481; x_wconf 90' lang='lat' dir='ltr'>ut</span> <span class='ocrx_word' id='word_1_43' title='bbox 1810 1416 1943 1481; x_wconf 88' lang='lat' dir='ltr'>sine</span> <span class='ocrx_word' id='word_1_44' title='bbox 2004 1435 2234 1500; x_wconf 90' lang='lat' dir='ltr'>magno</span> <span class='ocrx_word' id='word_1_45' title='bbox 2291 1416 2501 1483; x_wconf 86' lang='lat' dir='ltr'>labore</span> <span class='ocrx_word' id='word_1_46' title='bbox 2561 1420 2751 1501; x_wconf 91' lang='lat' dir='ltr'>atque</span> <span class='ocrx_word' id='word_1_47' title='bbox 2812 1419 3017 1483; x_wconf 90' lang='lat' dir='ltr'>taedio</span> 
     </span>
     <span class='ocr_line' id='line_1_8' title="bbox 928 1529 3018 1597; baseline 0 -3"><span class='ocrx_word' id='word_1_48' title='bbox 928 1529 1033 1594; x_wconf 82' lang='lat' dir='ltr'>uix</span> <span class='ocrx_word' id='word_1_49' title='bbox 1078 1531 1312 1594; x_wconf 89' lang='lat' dir='ltr'>rectam</span> <span class='ocrx_word' id='word_1_50' title='bbox 1367 1530 1712 1595; x_wconf 73' lang='lat' dir='ltr'>utilitatem</span> <span class='ocrx_word' id='word_1_51' title='bbox 1771 1549 1843 1595; x_wconf 85' lang='lat' dir='ltr'>ex</span> <span class='ocrx_word' id='word_1_52' title='bbox 1902 1530 2025 1594; x_wconf 92' lang='lat' dir='ltr'>uiri</span> <span class='ocrx_word' id='word_1_53' title='bbox 2080 1531 2412 1597; x_wconf 87' lang='lat' dir='ltr'>clarissimi</span> <span class='ocrx_word' id='word_1_54' title='bbox 2468 1531 2814 1596; x_wconf 84' lang='lat' dir='ltr'>immortali</span> <span class='ocrx_word' id='word_1_55' title='bbox 2872 1532 3018 1595; x_wconf 87' lang='lat' dir='ltr'>doc-</span> 
     </span>
     <span class='ocr_line' id='line_1_9' title="bbox 927 1643 3000 1727; baseline 0 -20"><span class='ocrx_word' id='word_1_56' title='bbox 927 1644 1126 1707; x_wconf 90' lang='lat' dir='ltr'>trinae</span> <span class='ocrx_word' id='word_1_57' title='bbox 1172 1643 1541 1707; x_wconf 89' lang='lat' dir='ltr'>documento</span> <span class='ocrx_word' id='word_1_58' title='bbox 1604 1643 1926 1726; x_wconf 82' lang='lat' dir='ltr'>percipias.</span> <span class='ocrx_word' id='word_1_59' title='bbox 1990 1663 2145 1727; x_wconf 90' lang='lat' dir='ltr'>opus</span> <span class='ocrx_word' id='word_1_60' title='bbox 2207 1645 2371 1727; x_wconf 89' lang='lat' dir='ltr'>quod</span> <span class='ocrx_word' id='word_1_61' title='bbox 2431 1664 2645 1710; x_wconf 86' lang='lat' dir='ltr'>omnes</span> <span class='ocrx_word' id='word_1_62' title='bbox 2715 1644 3000 1708; x_wconf 90' lang='lat' dir='ltr'>homines</span> 
     </span>
     <span class='ocr_line' id='line_1_10' title="bbox 927 1757 3015 1841; baseline 0 -20"><span class='ocrx_word' id='word_1_63' title='bbox 927 1758 1337 1841; x_wconf 84' lang='lat' dir='ltr'>elegantiores</span> <span class='ocrx_word' id='word_1_64' title='bbox 1384 1757 1568 1821; x_wconf 87' lang='lat' dir='ltr'>ualde</span> <span class='ocrx_word' id='word_1_65' title='bbox 1612 1757 1830 1820; x_wconf 91' lang='lat' dir='ltr'>dolent</span> <span class='ocrx_word' id='word_1_66' title='bbox 1874 1757 1953 1821; x_wconf 91' lang='lat' dir='ltr'>ad</span> <span class='ocrx_word' id='word_1_67' title='bbox 1991 1758 2181 1822; x_wconf 90' lang='lat' dir='ltr'>finem</span> <span class='ocrx_word' id='word_1_68' title='bbox 2223 1758 2565 1841; x_wconf 76' lang='lat' dir='ltr'>perducere</span> <span class='ocrx_word' id='word_1_69' title='bbox 2614 1759 3015 1840; x_wconf 89' lang='lat' dir='ltr'>praematura</span> 
     </span>
     <span class='ocr_line' id='line_1_11' title="bbox 925 1870 3007 1959; baseline 0 -25"><span class='ocrx_word' id='word_1_70' title='bbox 925 1872 1122 1934; x_wconf 88' lang='lat' dir='ltr'>morte</span> <span class='ocrx_word' id='word_1_71' title='bbox 1170 1870 1422 1959; x_wconf 83' lang='lat' dir='ltr'>abrepto</span> <span class='ocrx_word' id='word_1_72' title='bbox 1480 1889 1603 1945; x_wconf 89' lang='lat' dir='ltr'>non</span> <span class='ocrx_word' id='word_1_73' title='bbox 1663 1870 1946 1955; x_wconf 86' lang='lat' dir='ltr'>contigit.</span> <span class='ocrx_word' id='word_1_74' title='bbox 2011 1889 2225 1935; x_wconf 88' lang='lat' dir='ltr'>omnes</span> <span class='ocrx_word' id='word_1_75' title='bbox 2286 1891 2435 1935; x_wconf 90' lang='lat' dir='ltr'>uero</span> <span class='ocrx_word' id='word_1_76' title='bbox 2498 1872 2613 1954; x_wconf 89' lang='lat' dir='ltr'>qui</span> <span class='ocrx_word' id='word_1_77' title='bbox 2657 1872 2800 1954; x_wconf 90' lang='lat' dir='ltr'>post</span> <span class='ocrx_word' id='word_1_78' title='bbox 2862 1891 3007 1935; x_wconf 92' lang='lat' dir='ltr'>eum</span> 
     </span>
     <span class='ocr_line' id='line_1_12' title="bbox 929 1982 3011 2066; baseline 0 -19"><span class='ocrx_word' id='word_1_79' title='bbox 929 1982 1146 2047; x_wconf 89' lang='lat' dir='ltr'>eadem</span> <span class='ocrx_word' id='word_1_80' title='bbox 1178 1982 1250 2045; x_wconf 92' lang='lat' dir='ltr'>de</span> <span class='ocrx_word' id='word_1_81' title='bbox 1281 1983 1546 2047; x_wconf 85' lang='lat' dir='ltr'>materia</span> <span class='ocrx_word' id='word_1_82' title='bbox 1577 1982 1961 2064; x_wconf 88' lang='lat' dir='ltr'>scripserunt</span> <span class='ocrx_word' id='word_1_83' title='bbox 1992 1983 2196 2065; x_wconf 87' lang='lat' dir='ltr'>operis</span> <span class='ocrx_word' id='word_1_84' title='bbox 2227 1984 2677 2066; x_wconf 84' lang='lat' dir='ltr'>praestantiam</span> <span class='ocrx_word' id='word_1_85' title='bbox 2723 2003 2846 2047; x_wconf 93' lang='lat' dir='ltr'>non</span> <span class='ocrx_word' id='word_1_86' title='bbox 2878 1985 3011 2047; x_wconf 85' lang='lat' dir='ltr'>sine</span> 
     </span>
     <span class='ocr_line' id='line_1_13' title="bbox 931 2095 3012 2175; baseline 0.001 -16"><span class='ocrx_word' id='word_1_87' title='bbox 931 2096 1222 2160; x_wconf 87' lang='lat' dir='ltr'>laudibus</span> <span class='ocrx_word' id='word_1_88' title='bbox 1269 2097 1668 2175; x_wconf 86' lang='lat' dir='ltr'>extollebant,</span> <span class='ocrx_word' id='word_1_89' title='bbox 1716 2095 2033 2161; x_wconf 88' lang='lat' dir='ltr'>interdum</span> <span class='ocrx_word' id='word_1_90' title='bbox 2076 2096 2251 2161; x_wconf 88' lang='lat' dir='ltr'>illius</span> <span class='ocrx_word' id='word_1_91' title='bbox 2300 2097 2527 2161; x_wconf 90' lang='lat' dir='ltr'>scrinia</span> <span class='ocrx_word' id='word_1_92' title='bbox 2570 2098 2795 2161; x_wconf 88' lang='lat' dir='ltr'>misere</span> <span class='ocrx_word' id='word_1_93' title='bbox 2847 2117 3012 2161; x_wconf 92' lang='lat' dir='ltr'>com-</span> 
     </span>
     <span class='ocr_line' id='line_1_14' title="bbox 927 2208 3013 2293; baseline 0.001 -22"><span class='ocrx_word' id='word_1_94' title='bbox 927 2209 1197 2290; x_wconf 87' lang='lat' dir='ltr'>pilantes</span> <span class='ocrx_word' id='word_1_95' title='bbox 1225 2228 1406 2290; x_wconf 91' lang='lat' dir='ltr'>saepe</span> <span class='ocrx_word' id='word_1_96' title='bbox 1430 2208 1658 2274; x_wconf 90' lang='lat' dir='ltr'>melius</span> <span class='ocrx_word' id='word_1_97' title='bbox 1690 2209 1891 2274; x_wconf 86' lang='lat' dir='ltr'>facere</span> <span class='ocrx_word' id='word_1_98' title='bbox 1922 2212 2215 2274; x_wconf 90' lang='lat' dir='ltr'>conantes</span> <span class='ocrx_word' id='word_1_99' title='bbox 2247 2209 2417 2274; x_wconf 89' lang='lat' dir='ltr'>haud</span> <span class='ocrx_word' id='word_1_100' title='bbox 2463 2229 2600 2273; x_wconf 90' lang='lat' dir='ltr'>raro</span> <span class='ocrx_word' id='word_1_101' title='bbox 2646 2211 3013 2293; x_wconf 87' lang='lat' dir='ltr'>uituperan-</span> 
     </span>
     <span class='ocr_line' id='line_1_15' title="bbox 928 2321 2641 2405; baseline -0.001 -20"><span class='ocrx_word' id='word_1_102' title='bbox 928 2323 1043 2399; x_wconf 80' lang='lat' dir='ltr'>teS‚</span> <span class='ocrx_word' id='word_1_103' title='bbox 1092 2341 1248 2405; x_wconf 90' lang='lat' dir='ltr'>quae</span> <span class='ocrx_word' id='word_1_104' title='bbox 1294 2321 1404 2385; x_wconf 93' lang='lat' dir='ltr'>ille</span> <span class='ocrx_word' id='word_1_105' title='bbox 1453 2340 1564 2385; x_wconf 92' lang='lat' dir='ltr'>suo</span> <span class='ocrx_word' id='word_1_106' title='bbox 1611 2322 1747 2386; x_wconf 93' lang='lat' dir='ltr'>loco</span> <span class='ocrx_word' id='word_1_107' title='bbox 1794 2325 1935 2403; x_wconf 88' lang='lat' dir='ltr'>apte</span> <span class='ocrx_word' id='word_1_108' title='bbox 1984 2322 2162 2386; x_wconf 88' lang='lat' dir='ltr'>dixit.</span> <span class='ocrx_word' id='word_1_109' title='bbox 2638 2332 2641 2338; x_wconf 84' lang='lat'>&#39;</span> 
     </span>
    </p>

    <p class='ocr_par' dir='ltr' id='par_1_3' title="bbox 924 2412 3043 3988">
     <span class='ocr_line' id='line_1_16' title="bbox 1137 2412 3010 2519; baseline 0.001 -22"><span class='ocrx_word' id='word_1_110' title='bbox 1137 2436 1201 2497; x_wconf 93' lang='lat' dir='ltr'>in</span> <span class='ocrx_word' id='word_1_111' title='bbox 1250 2434 1688 2498; x_wconf 87' lang='lat' dir='ltr'>enumerandis</span> <span class='ocrx_word' id='word_1_112' title='bbox 1736 2435 2039 2516; x_wconf 84' lang='lat' dir='ltr'>exemplis</span> <span class='ocrx_word' id='word_1_113' title='bbox 2073 2412 2339 2519; x_wconf 85' lang='lat' dir='ltr'>singulis</span> <span class='ocrx_word' id='word_1_114' title='bbox 2387 2436 2591 2519; x_wconf 90' lang='lat' dir='ltr'>quoad</span> <span class='ocrx_word' id='word_1_115' title='bbox 2636 2436 2771 2500; x_wconf 89' lang='lat' dir='ltr'>fieri</span> <span class='ocrx_word' id='word_1_116' title='bbox 2799 2436 3010 2519; x_wconf 87' lang='lat' dir='ltr'>potuit</span> 
     </span>
     <span class='ocr_line' id='line_1_17' title="bbox 928 2548 3011 2631; baseline 0 -18"><span class='ocrx_word' id='word_1_117' title='bbox 928 2549 1006 2613; x_wconf 92' lang='lat' dir='ltr'>ad</span> <span class='ocrx_word' id='word_1_118' title='bbox 1051 2548 1282 2613; x_wconf 90' lang='lat' dir='ltr'>Handii</span> <span class='ocrx_word' id='word_1_119' title='bbox 1327 2548 1758 2612; x_wconf 84' lang='lat' dir='ltr'>Tursellinum</span> <span class='ocrx_word' id='word_1_120' title='bbox 1796 2548 2102 2631; x_wconf 87' lang='lat' dir='ltr'>Draegeri</span> <span class='ocrx_word' id='word_1_121' title='bbox 2152 2549 2440 2631; x_wconf 86' lang='lat' dir='ltr'>syntaxin</span> <span class='ocrx_word' id='word_1_122' title='bbox 2472 2548 2767 2614; x_wconf 75' lang='lat' dir='ltr'>Ronschii</span> <span class='ocrx_word' id='word_1_123' title='bbox 2812 2550 3011 2626; x_wconf 86' lang='lat' dir='ltr'>„Itala</span> 
     </span>
     <span class='ocr_line' id='line_1_18' title="bbox 930 2660 3009 2745; baseline 0.001 -20"><span class='ocrx_word' id='word_1_124' title='bbox 930 2662 1058 2725; x_wconf 89' lang='lat' dir='ltr'>und</span> <span class='ocrx_word' id='word_1_125' title='bbox 1103 2661 1413 2745; x_wconf 86' lang='lat' dir='ltr'>Vulgata“</span> <span class='ocrx_word' id='word_1_126' title='bbox 1468 2661 1751 2745; x_wconf 88' lang='lat' dir='ltr'>legentes</span> <span class='ocrx_word' id='word_1_127' title='bbox 1797 2661 2184 2739; x_wconf 89' lang='lat' dir='ltr'>reuocabam‚</span> <span class='ocrx_word' id='word_1_128' title='bbox 2246 2680 2323 2725; x_wconf 86' lang='lat' dir='ltr'>ne</span> <span class='ocrx_word' id='word_1_129' title='bbox 2370 2660 2473 2725; x_wconf 91' lang='lat' dir='ltr'>hic</span> <span class='ocrx_word' id='word_1_130' title='bbox 2520 2662 2774 2725; x_wconf 90' lang='lat' dir='ltr'>libellus</span> <span class='ocrx_word' id='word_1_131' title='bbox 2821 2663 3009 2727; x_wconf 89' lang='lat' dir='ltr'>nimis</span> 
     </span>
     <span class='ocr_line' id='line_1_19' title="bbox 929 2773 3009 2858; baseline 0.001 -21"><span class='ocrx_word' id='word_1_132' title='bbox 929 2775 1311 2839; x_wconf 87' lang='lat' dir='ltr'>adcresceret</span> <span class='ocrx_word' id='word_1_133' title='bbox 1343 2776 1405 2838; x_wconf 91' lang='lat' dir='ltr'>et</span> <span class='ocrx_word' id='word_1_134' title='bbox 1437 2774 1584 2858; x_wconf 91' lang='lat' dir='ltr'>quia</span> <span class='ocrx_word' id='word_1_135' title='bbox 1629 2773 2015 2838; x_wconf 90' lang='lat' dir='ltr'>confidebam</span> <span class='ocrx_word' id='word_1_136' title='bbox 2046 2774 2194 2853; x_wconf 89' lang='lat' dir='ltr'>fore,</span> <span class='ocrx_word' id='word_1_137' title='bbox 2242 2776 2316 2838; x_wconf 96' lang='lat' dir='ltr'>ut</span> <span class='ocrx_word' id='word_1_138' title='bbox 2346 2776 2453 2857; x_wconf 89' lang='lat' dir='ltr'>qui</span> <span class='ocrx_word' id='word_1_139' title='bbox 2484 2776 2600 2840; x_wconf 90' lang='lat' dir='ltr'>hoc</span> <span class='ocrx_word' id='word_1_140' title='bbox 2632 2775 3009 2857; x_wconf 90' lang='lat' dir='ltr'>opusculum</span> 
     </span>
     <span class='ocr_line' id='line_1_20' title="bbox 929 2887 3007 2972; baseline 0 -21"><span class='ocrx_word' id='word_1_141' title='bbox 929 2888 1310 2972; x_wconf 86' lang='lat' dir='ltr'>perlegerint</span> <span class='ocrx_word' id='word_1_142' title='bbox 1351 2888 1473 2970; x_wconf 89' lang='lat' dir='ltr'>ipsi</span> <span class='ocrx_word' id='word_1_143' title='bbox 1534 2907 1605 2950; x_wconf 85' lang='lat' dir='ltr'>ex</span> <span class='ocrx_word' id='word_1_144' title='bbox 1663 2887 1795 2951; x_wconf 89' lang='lat' dir='ltr'>suis</span> <span class='ocrx_word' id='word_1_145' title='bbox 1855 2887 2125 2969; x_wconf 89' lang='lat' dir='ltr'>ingeniis</span> <span class='ocrx_word' id='word_1_146' title='bbox 2188 2887 2486 2952; x_wconf 86' lang='lat' dir='ltr'>adderent</span> <span class='ocrx_word' id='word_1_147' title='bbox 2530 2908 2687 2972; x_wconf 89' lang='lat' dir='ltr'>quae</span> <span class='ocrx_word' id='word_1_148' title='bbox 2744 2889 3007 2954; x_wconf 90' lang='lat' dir='ltr'>fortasse</span> 
     </span>
     <span class='ocr_line' id='line_1_21' title="bbox 931 2999 3006 3084; baseline 0.001 -21"><span class='ocrx_word' id='word_1_149' title='bbox 931 3000 1362 3083; x_wconf 86' lang='lat' dir='ltr'>disquisitione</span> <span class='ocrx_word' id='word_1_150' title='bbox 1410 2999 1690 3064; x_wconf 88' lang='lat' dir='ltr'>uberiore</span> <span class='ocrx_word' id='word_1_151' title='bbox 1740 3000 1930 3084; x_wconf 89' lang='lat' dir='ltr'>digna</span> <span class='ocrx_word' id='word_1_152' title='bbox 1983 3000 2366 3064; x_wconf 87' lang='lat' dir='ltr'>uiderentur.</span> <span class='ocrx_word' id='word_1_153' title='bbox 2431 3002 2699 3083; x_wconf 88' lang='lat' dir='ltr'>denique</span> <span class='ocrx_word' id='word_1_154' title='bbox 2748 3001 3006 3065; x_wconf 88' lang='lat' dir='ltr'>adfirmo</span> 
     </span>
     <span class='ocr_line' id='line_1_22' title="bbox 931 3113 3003 3196; baseline 0 -18"><span class='ocrx_word' id='word_1_155' title='bbox 931 3114 1139 3178; x_wconf 88' lang='lat' dir='ltr'>omnia</span> <span class='ocrx_word' id='word_1_156' title='bbox 1184 3114 1485 3195; x_wconf 83' lang='lat' dir='ltr'>exempla,</span> <span class='ocrx_word' id='word_1_157' title='bbox 1532 3113 1598 3176; x_wconf 86' lang='lat' dir='ltr'>in</span> <span class='ocrx_word' id='word_1_158' title='bbox 1645 3113 1873 3195; x_wconf 89' lang='lat' dir='ltr'>quibus</span> <span class='ocrx_word' id='word_1_159' title='bbox 1906 3113 2117 3195; x_wconf 89' lang='lat' dir='ltr'>aliqua</span> <span class='ocrx_word' id='word_1_160' title='bbox 2146 3114 2489 3196; x_wconf 84' lang='lat' dir='ltr'>proprietas</span> <span class='ocrx_word' id='word_1_161' title='bbox 2536 3115 2639 3179; x_wconf 93' lang='lat' dir='ltr'>uel</span> <span class='ocrx_word' id='word_1_162' title='bbox 2672 3115 3003 3179; x_wconf 90' lang='lat' dir='ltr'>uerborum</span> 
     </span>
     <span class='ocr_line' id='line_1_23' title="bbox 930 3226 3005 3310; baseline 0 -20"><span class='ocrx_word' id='word_1_163' title='bbox 930 3228 1281 3291; x_wconf 84' lang='lat' dir='ltr'>structurae</span> <span class='ocrx_word' id='word_1_164' title='bbox 1328 3226 1434 3290; x_wconf 92' lang='lat' dir='ltr'>uel</span> <span class='ocrx_word' id='word_1_165' title='bbox 1467 3226 1941 3310; x_wconf 88' lang='lat' dir='ltr'>significationis</span> <span class='ocrx_word' id='word_1_166' title='bbox 1975 3227 2515 3292; x_wconf 91' lang='lat' dir='ltr'>commemoranda</span> <span class='ocrx_word' id='word_1_167' title='bbox 2553 3227 2874 3292; x_wconf 88' lang='lat' dir='ltr'>uideretur</span> <span class='ocrx_word' id='word_1_168' title='bbox 2904 3246 3005 3290; x_wconf 91' lang='lat' dir='ltr'>me</span> 
     </span>
     <span class='ocr_line' id='line_1_24' title="bbox 932 3339 3004 3422; baseline 0 -20"><span class='ocrx_word' id='word_1_169' title='bbox 932 3358 1118 3422; x_wconf 86' lang='lat' dir='ltr'>quam</span> <span class='ocrx_word' id='word_1_170' title='bbox 1181 3339 1652 3403; x_wconf 86' lang='lat' dir='ltr'>adcuratissime</span> <span class='ocrx_word' id='word_1_171' title='bbox 1716 3341 1779 3403; x_wconf 88' lang='lat' dir='ltr'>et</span> <span class='ocrx_word' id='word_1_172' title='bbox 1824 3339 2303 3422; x_wconf 83' lang='lat' dir='ltr'>diligentissime</span> <span class='ocrx_word' id='word_1_173' title='bbox 2364 3339 2602 3404; x_wconf 88' lang='lat' dir='ltr'>adferre</span> <span class='ocrx_word' id='word_1_174' title='bbox 2666 3339 3004 3418; x_wconf 89' lang='lat' dir='ltr'>studuisse,</span> 
     </span>
     <span class='ocr_line' id='line_1_25' title="bbox 932 3452 3043 3534; baseline 0 -18"><span class='ocrx_word' id='word_1_175' title='bbox 932 3453 1041 3516; x_wconf 89' lang='lat' dir='ltr'>sed</span> <span class='ocrx_word' id='word_1_176' title='bbox 1086 3472 1230 3516; x_wconf 93' lang='lat' dir='ltr'>cum</span> <span class='ocrx_word' id='word_1_177' title='bbox 1274 3452 1340 3515; x_wconf 90' lang='lat' dir='ltr'>in</span> <span class='ocrx_word' id='word_1_178' title='bbox 1389 3452 1815 3534; x_wconf 82' lang='lat' dir='ltr'>exemplorum</span> <span class='ocrx_word' id='word_1_179' title='bbox 1862 3452 2037 3534; x_wconf 91' lang='lat' dir='ltr'>copia</span> <span class='ocrx_word' id='word_1_180' title='bbox 2080 3472 2274 3534; x_wconf 90' lang='lat' dir='ltr'>paene</span> <span class='ocrx_word' id='word_1_181' title='bbox 2306 3453 2614 3517; x_wconf 89' lang='lat' dir='ltr'>immensa</span> <span class='ocrx_word' id='word_1_182' title='bbox 2657 3453 2839 3516; x_wconf 84' lang='lat' dir='ltr'>facile</span> <span class='ocrx_word' id='word_1_183' title='bbox 2872 3453 3043 3524; x_wconf 68' lang='lat' dir='ltr'>fieri.</span> 
     </span>
     <span class='ocr_line' id='line_1_26' title="bbox 924 3565 3002 3650; baseline 0.001 -22"><span class='ocrx_word' id='word_1_184' title='bbox 924 3565 1141 3647; x_wconf 87' lang='lat' dir='ltr'>possit,</span> <span class='ocrx_word' id='word_1_185' title='bbox 1189 3567 1262 3629; x_wconf 93' lang='lat' dir='ltr'>ut</span> <span class='ocrx_word' id='word_1_186' title='bbox 1306 3565 1421 3629; x_wconf 90' lang='lat' dir='ltr'>hoc</span> <span class='ocrx_word' id='word_1_187' title='bbox 1468 3565 1572 3629; x_wconf 92' lang='lat' dir='ltr'>uel</span> <span class='ocrx_word' id='word_1_188' title='bbox 1617 3565 1781 3629; x_wconf 91' lang='lat' dir='ltr'>illud</span> <span class='ocrx_word' id='word_1_189' title='bbox 1831 3566 2253 3650; x_wconf 88' lang='lat' dir='ltr'>conligentem</span> <span class='ocrx_word' id='word_1_190' title='bbox 2301 3565 2579 3649; x_wconf 87' lang='lat' dir='ltr'>ecfugiat</span> <span class='ocrx_word' id='word_1_191' title='bbox 2624 3566 3002 3648; x_wconf 85' lang='lat' dir='ltr'>exemplum,</span> 
     </span>
     <span class='ocr_line' id='line_1_27' title="bbox 933 3678 3006 3762; baseline 0 -19"><span class='ocrx_word' id='word_1_192' title='bbox 933 3679 1009 3743; x_wconf 90' lang='lat' dir='ltr'>ab</span> <span class='ocrx_word' id='word_1_193' title='bbox 1054 3678 1132 3742; x_wconf 90' lang='lat' dir='ltr'>iis</span> <span class='ocrx_word' id='word_1_194' title='bbox 1181 3678 1288 3761; x_wconf 89' lang='lat' dir='ltr'>qui</span> <span class='ocrx_word' id='word_1_195' title='bbox 1332 3679 1449 3742; x_wconf 93' lang='lat' dir='ltr'>hoc</span> <span class='ocrx_word' id='word_1_196' title='bbox 1496 3678 1721 3762; x_wconf 89' lang='lat' dir='ltr'>legunt</span> <span class='ocrx_word' id='word_1_197' title='bbox 1764 3681 1925 3761; x_wconf 88' lang='lat' dir='ltr'>peto,</span> <span class='ocrx_word' id='word_1_198' title='bbox 1989 3681 2062 3742; x_wconf 92' lang='lat' dir='ltr'>ut</span> <span class='ocrx_word' id='word_1_199' title='bbox 2108 3678 2306 3743; x_wconf 89' lang='lat' dir='ltr'>sicubi</span> <span class='ocrx_word' id='word_1_200' title='bbox 2353 3679 2604 3761; x_wconf 90' lang='lat' dir='ltr'>aliquod</span> <span class='ocrx_word' id='word_1_201' title='bbox 2651 3680 3006 3762; x_wconf 82' lang='lat' dir='ltr'>exemplum</span> 
     </span>
     <span class='ocr_line' id='line_1_28' title="bbox 932 3791 3007 3875; baseline 0 -20"><span class='ocrx_word' id='word_1_202' title='bbox 932 3791 1246 3855; x_wconf 89' lang='lat' dir='ltr'>omiserim</span> <span class='ocrx_word' id='word_1_203' title='bbox 1305 3791 1410 3856; x_wconf 93' lang='lat' dir='ltr'>uel</span> <span class='ocrx_word' id='word_1_204' title='bbox 1467 3791 1625 3855; x_wconf 86' lang='lat' dir='ltr'>falso</span> <span class='ocrx_word' id='word_1_205' title='bbox 1698 3792 2031 3856; x_wconf 88' lang='lat' dir='ltr'>indiderim</span> <span class='ocrx_word' id='word_1_206' title='bbox 2106 3811 2383 3870; x_wconf 88' lang='lat' dir='ltr'>numero,</span> <span class='ocrx_word' id='word_1_207' title='bbox 2451 3812 2755 3856; x_wconf 88' lang='lat' dir='ltr'>memores</span> <span class='ocrx_word' id='word_1_208' title='bbox 2816 3812 3007 3875; x_wconf 89' lang='lat' dir='ltr'>quam</span> 
     </span>
     <span class='ocr_line' id='line_1_29' title="bbox 929 3904 2912 3988; baseline 0 -19"><span class='ocrx_word' id='word_1_209' title='bbox 929 3906 1206 3969; x_wconf 89' lang='lat' dir='ltr'>humana</span> <span class='ocrx_word' id='word_1_210' title='bbox 1251 3904 1459 3968; x_wconf 91' lang='lat' dir='ltr'>omnia</span> <span class='ocrx_word' id='word_1_211' title='bbox 1501 3924 1725 3985; x_wconf 89' lang='lat' dir='ltr'>parum</span> <span class='ocrx_word' id='word_1_212' title='bbox 1773 3904 1900 3968; x_wconf 88' lang='lat' dir='ltr'>sint</span> <span class='ocrx_word' id='word_1_213' title='bbox 1944 3905 2206 3987; x_wconf 84' lang='lat' dir='ltr'>integra,</span> <span class='ocrx_word' id='word_1_214' title='bbox 2255 3904 2519 3988; x_wconf 89' lang='lat' dir='ltr'>benigne</span> <span class='ocrx_word' id='word_1_215' title='bbox 2566 3904 2912 3988; x_wconf 86' lang='lat' dir='ltr'>ignoscant.</span> 
     </span>
    </p>
   </div>
   <div class='ocr_carea' id='block_1_3' title="bbox 933 4060 3000 4238">
    <p class='ocr_par' dir='ltr' id='par_1_4' title="bbox 933 4060 3000 4238">
     <span class='ocr_line' id='line_1_30' title="bbox 1142 4060 3000 4143; baseline 0 -20"><span class='ocrx_word' id='word_1_216' title='bbox 1142 4060 1488 4124; x_wconf 90' lang='lat' dir='ltr'>scribebam</span> <span class='ocrx_word' id='word_1_217' title='bbox 1533 4060 1936 4125; x_wconf 90' lang='lat' dir='ltr'>Vindobonae</span> <span class='ocrx_word' id='word_1_218' title='bbox 1982 4060 2179 4143; x_wconf 89' lang='lat' dir='ltr'>pridie</span> <span class='ocrx_word' id='word_1_219' title='bbox 2240 4060 2539 4124; x_wconf 89' lang='lat' dir='ltr'>kalendas</span> <span class='ocrx_word' id='word_1_220' title='bbox 2601 4060 3000 4142; x_wconf 84' lang='lat' dir='ltr'>Septembres</span> 
     </span>
     <span class='ocr_line' id='line_1_31' title="bbox 933 4174 1527 4238; baseline -0.005 -1"><span class='ocrx_word' id='word_1_221' title='bbox 933 4174 996 4237; x_wconf 90' lang='lat' dir='ltr'>h.</span> <span class='ocrx_word' id='word_1_222' title='bbox 1046 4194 1093 4238; x_wconf 85' lang='lat' dir='ltr'>s.</span> <span class='ocrx_word' id='word_1_223' title='bbox 1143 4194 1196 4237; x_wconf 86' lang='lat' dir='ltr'>a.</span> <span class='ocrx_word' id='word_1_224' title='bbox 1244 4174 1527 4237; x_wconf 88' lang='lat' dir='ltr'>LXXXI.</span> 
     </span>
    </p>
   </div>
  </div>
 </body>
</html>
