3400 5317
1749 723 1826 732 ..-
1921 685 2174 748 82.-

1873 877 2050 958 Ex.

1126 1005 1213 1071 Η.
1258 1006 1359 1072 ΙΙ.
1405 1025 1473 1090 p.
1534 1007 1716 1090 616,
1765 1007 1834 1073 1.
1922 1007 2113 1072 Marc.
2179 1010 2234 1086 1,
2296 1010 2370 1072 4:
2441 1027 2513 1072 ex
2578 1005 3007 1072 Succubitano

923 1119 1262 1201 municipio
1310 1139 1382 1184 ex
1428 1119 1658 1203 Spania
1701 1121 1907 1186 factus
1967 1122 2248 1195 senator:
2293 1159 2372 1168 -
2403 1121 2548 1186 Ver.
2600 1121 2657 1197 1,
2708 1122 2782 1182 9:
2829 1118 3014 1201 origo

920 1231 1055 1295 eius
1116 1234 1377 1315 paterna
1435 1253 1507 1296 ex
1558 1234 1812 1298 Essruria
1863 1233 2004 1312 fuit,
2067 1235 2352 1299 materna
2411 1252 2484 1298 ex
2530 1231 2870 1306 Fauentia:
2911 1267 3012 1290 .--

920 1344 1083 1408 Max.
1135 1346 1251 1424 24,
1302 1347 1375 1408 3:
1424 1365 1495 1410 ex
1525 1346 1820 1429 Aquileia
1864 1347 1929 1412 in
1963 1348 2168 1412 casira
2197 1347 2560 1419 traductus:
2611 1382 2688 1389 —
2723 1343 2802 1408 cf.
2836 1342 3008 1406 Plin.

920 1457 982 1520 h.
1032 1478 1091 1520 n.
1128 1459 1244 1535 34,
1293 1459 1351 1536 7,
1387 1459 1419 1520 1
1444 1460 1517 1521 8:
1564 1458 1792 1540 Apollo
1824 1458 2168 1524 translatus
2217 1478 2290 1523 ex
2319 1457 2686 1540 Apollonia:
2722 1493 2804 1502 -—
2835 1457 3008 1520 Max.

920 1571 1039 1647 25,
1088 1573 1161 1634 2:
1210 1589 1283 1634 ex
1327 1569 1720 1653 Aquileiensi
1765 1572 2028 1635 Romam
2075 1571 2326 1636 missus.
2387 1607 2474 1618 --

1124 1683 1211 1748 11.
1260 1682 1355 1747 II.
1402 1703 1472 1767 p.
1518 1682 1696 1764 618,
1746 1683 1922 1770 72¹⁵)
1969 1684 2149 1748 Proh.
2201 1686 2260 1764 3,
2312 1685 2379 1746 l:
2428 1679 2730 1747 oriun'dus
2762 1700 2795 1745 e
2837 1682 3012 1745 Pan-

920 1795 1139 1871 nonia3
1180 1833 1250 1842 ——-
1287 1796 1451 1859 Max.
1490 1797 1545 1873 l,
1572 1797 1642 1859 5:
1670 1815 1703 1859 e
1737 1794 1969 1861 Gothia
1992 1814 2064 1860 ex
2088 1795 2352 1860 Halanis
2376 1796 2662 1880 genitu83
2715 1831 2764 1840 --
2805 1795 3005 1857 Marc.

919 1909 1037 1984 25,
1089 1909 1213 1971 11:
1262 1906 1491 1990 Cyrrus
1538 1927 1611 1971 ex
1656 1927 1782 1989 qua
1825 1909 1958 1972 erat
2007 1907 2281 1972 Cassius.
2345 1945 2430 1954 —-
2723 1964 2732 1970 .

1123 2020 1210 2085 11.
1280 2039 1345 2103 p.
1415 2019 1589 2102 617,
1662 2019 1703 2084 3
1765 2020 1840 2086 ct
1906 2018 1966 2084 4.
2039 2021 2180 2084 Ver.
2229 2022 2288 2097 9,
2354 2022 2486 2083 11:
2566 2020 2888 2101 depositus
2969 2040 3006 2084 e

918 2132 1245 2206 uehiculo:
1295 2169 1374 2176 ——-
1420 2132 1597 2197 Alex.
1649 2133 1860 2198 Seuer.
1925 2135 1955 2195 1
1979 2135 2037 2211 5,
2085 2134 2158 2196 2:
2214 2133 2455 2196 abicere
2503 2151 2575 2197 ex
2621 2132 2825 2197 aulico
2879 2132 3005 2196 mi-

919 2245 1208 2321 nisteri03
1234 2282 1321 2294 ——-
1342 2245 1535 2309 Marc.
1567 2246 1680 2323 19,
1715 2247 1790 2308 6:
1825 2263 1897 2309 ex
1921 2245 2203 2309 omnium
2226 2244 2598 2309 dedecorum
2625 2244 3008 2309 conluuione

918 2359 1262 2422 concretus
1338 2395 1409 2404 -
1520 2418 1529 2426 .

1127 2472 1213 2537 11.
1281 2491 1346 2555 p.
1396 2470 1579 2553 619,
1650 2471 1716 2536 8.
1779 2471 1972 2534 Marc.
2039 2471 2158 2548 22,
2206 2472 2280 2534 5:
2330 2470 2524 2534 durus
2589 2490 2659 2534 ex
2721 2470 3012 2552 philoso-

920 2583 1104 2666 phiae
1149 2582 1565 2647 institutione.
1620 2619 1708 2628 -—-

1123 2695 1209 2761 11.
1255 2714 1319 2778 p.
1370 2695 1551 2776 619,
1598 2694 1701 2759 11.
1762 2694 1956 2758 Marc.
2007 2697 2120 2770 13,
2170 2696 2240 2758 6:
2288 2693 2503 2776 lapsus
2550 2713 2623 2759 ex
2654 2695 2869 2759 arbore
2919 2696 3004 2759 cf.

920 2806 1093 2872 Curt.
1143 2809 1202 2885 8,
1252 2808 1368 2885 11,
1417 2809 1475 2870 2.
1545 2843 1618 2854 --
2217 2884 2222 2888 ¹

1128 2921 1210 2986 Η.
1257 2940 1323 3004 p.
1372 2919 1568 2997 620,
1615 2918 1732 2984 13.
1785 2954 1861 2965 —
1912 2920 2054 2983 Ver.
2106 2920 2223 2997 10,
2272 2921 2344 2983 9:
2418 2919 2700 3002 calycem
2744 2919 3006 2983 nomine

916 3033 1253 3098 Volucrem
1300 3051 1372 3096 ex
1417 3031 1553 3096 eius
1600 3031 1744 3113 equi
1790 3031 2075 3110 nomine:
2128 3069 2200 3076 -—-
2251 3031 2414 3094 MaX.
2465 3033 2527 3095 et
2582 3031 2762 3097 Balb.
2811 3033 2868 3109 5,
2923 3035 3003 3096 2:

1130 3251 1213 3315 ¹¹⁵)
1252 3248 1672 3317 praepositionis
1712 3248 1845 3314 „ex“
1883 3263 2004 3301 cum
2039 3254 2311 3300 terrarum
2347 3239 2403 3300 et
2439 3247 2654 3300 urbium
2689 3248 3004 3303 nominibus
3040 3245 3062 3262 “⁹

916 3344 1165 3414 exempla
1201 3359 1376 3411 pauca
1418 3341 1634 3412 profert
1669 3341 1847 3396 Hand.
1885 3342 1921 3394 1.
1961 3357 2004 3394 c.
2043 3341 2391 3410 quamobrem
2437 3357 2564 3394 non·
2596 3356 3004 3410 superuaneum

913 3447 1045 3509 puto
1081 3441 1243 3509 plura
1279 3439 1533 3493 indicare.
1574 3453 1713 3505 quae
1739 3437 1994 3491 Plautina
2031 3443 2288 3490 secuntur
2325 3436 2559 3504 conlegit
2585 3437 3002 3506 Kampmannus

915 3537 951 3591 l.
992 3553 1035 3590 c.
1077 3537 1228 3605 Capt.
1267 3538 1315 3602 5,
1354 3539 1403 3601 4,
1458 3537 1518 3602 83
1570 3534 1640 3586 ib.
1681 3551 1732 3586 u.
1786 3536 1861 3585 17
1875 3551 1888 3600 3
1928 3563 1992 3570 —
2030 3533 2192 3586 Poen.
2236 3532 2374 3602 prol.
2414 3535 2508 3599 933
2560 3563 2626 3571 —
2663 3533 2811 3586 Pers.
2851 3537 2902 3600 4,
2945 3538 2999 3601 3,

915 3636 1024 3701 533
1063 3633 1133 3685 ib.
1174 3635 1279 3699 713
1319 3661 1385 3669 -
1420 3629 1585 3682 Stich.
1628 3633 1673 3696 1,
1714 3634 1762 3694 2,
1802 3632 1914 3695 953
1954 3632 2003 3696 2,
2043 3633 2092 3696 2,
2131 3631 2237 3696 433
2278 3658 2344 3666 —
2380 3627 2576 3680 Pseud.
2615 3633 2664 3695 2,
2703 3631 2752 3695 4,
2790 3632 3000 3696 473—

914 3728 1111 3782 Bacch.
1150 3732 1198 3795 2,
1238 3730 1287 3793 3,
1327 3731 1387 3793 23
1426 3729 1475 3792 3,
1514 3729 1563 3792 2,
1603 3729 1659 3793 53
1700 3729 1749 3791 3,
1788 3727 1837 3791 6,
1877 3727 1984 3791 323
2015 3753 2077 3762 -
2105 3724 2259 3776 Curc.
2301 3727 2349 3790 3,
2389 3725 2438 3789 6,
2475 3726 2537 3791 93
2575 3753 2638 3762 -—
2665 3724 2814 3777 PerS.
2851 3727 2902 3790 4,
2945 3728 2997 3792 3,

914 3827 1023 3891 283
1059 3852 1130 3862 -
1168 3823 1327 3876 Tmo.
1377 3826 1426 3889 2,
1478 3823 1527 3888 6,
1578 3824 1687 3888 ⁵53
1728 3851 1792 3858 -
1830 3805 2027 3873 Bacch.
2066 3822 2115 3887 4,
2170 3823 2216 3887 1,
2268 3823 2328 3886 23
2367 3849 2432 3858 -
2472 3820 2632 3872 Truc.
2683 3824 2732 3887 2,
2781 3822 2831 3887 6,
2881 3823 3000 3888 583

916 3919 1064 3972 Trin.
1104 3923 1151 3985 3,
1191 3922 1240 3986 3,
1278 3921 1385 3985 413
1436 3922 1485 3981 4,
1524 3921 1573 3984 2,
1612 3920 1673 3984 33
1708 3945 1779 3955 ——
1816 3915 2012 3969 Pseud.
2051 3918 2100 3982 4,
2141 3918 2188 3982 7,
2241 3917 2346 3982 783
2385 3945 2454 3954 -·
2491 3916 2650 3968 Truc.
2689 3919 2740 3982 2,
2790 3917 2840 3982 6,
2877 3918 2997 3984 493

913 4015 1110 4069 Bacch.
1137 4019 1186 4081 4,
1213 4017 1262 4081 9,
1306 4016 1449 4081 1353
1478 4041 1543 4052 -
1569 4013 1660 4079 qui
1698 4011 1947 4079 exempla
1984 4011 2135 4065 uelut
2159 4011 2356 4064 Bacch.
2383 4014 2432 4077 4,
2473 4013 2522 4077 9,
2559 4013 2709 4063 135:
2749 4009 2995 4065 ecfertur

914 4111 1118 4179 praeda
1156 4126 1224 4163 ex
1266 4110 1463 4162 Troia“
1504 4108 1718 4176 aliaque
1770 4107 2213 4174 considerauerit,
2263 4105 2426 4160 facile
2462 4107 2757 4174 perspiciet
2793 4105 2996 4160 falsam

915 4221 1035 4259 esse
1071 4205 1273 4260 Handii
1310 4206 1614 4273 opinionem
1640 4204 1679 4256 l.
1706 4220 1749 4256 c.
1789 4203 1905 4256 sub.
1932 4204 1972 4255 Ι.
2003 4207 2048 4256 1.
2075 4203 2331 4256 dicentis:
2373 4202 2459 4264 „id
2491 4207 2702 4254 tantum
2739 4207 2998 4257 notamus

914 4301 1053 4356 hanc
1102 4301 1559 4369 praepositionem
1599 4315 1711 4352 non
1747 4300 1874 4366 poni
1913 4304 2036 4352 ante
2073 4299 2291 4352 nomina
2328 4298 2540 4351 urbium
2579 4303 2634 4359 et
2681 4296 2992 4352 insularum

914 4396 1002 4450 uel
1042 4396 1286 4450 locorum
1323 4412 1507 4449 eorum
1546 4397 1637 4462 qui
1674 4395 1852 4448 insta-r
1889 4400 2014 4447 sunt
2051 4394 2422 4464 oppidorum.“
2477 4422 2535 4432 —-
