3400 5317
832 1422 1499 1579 Praepositiones
1564 1462 1779 1577 quae
1838 1463 2022 1539 cum
2086 1424 2646 1542 desideratiuo
2707 1439 2792 1541 et

1268 1649 1635 1769 ablatiuo
1697 1655 2327 1796 coniunguntur.

1738 2029 1874 2109 In.

974 2183 1059 2248 11.
1090 2181 1227 2248 III.
1258 2203 1325 2266 p.
1357 2181 1537 2262 245,
1574 2182 1631 2248 1.
1690 2183 1833 2246 Ver.
1868 2183 1926 2260 8,
1961 2184 2034 2246 2:
2076 2184 2223 2246 nata
2251 2183 2448 2246 fertur
2477 2183 2840 2264 pestilentia

766 2294 831 2357 in
878 2294 1240 2376 Babylonia.
1290 2295 1398 2358 ubi
1444 2296 1519 2363 de
1565 2295 1800 2377 templo
1841 2294 2232 2376 Apollinis—
2245 2296 2501 2378 spiritus
2533 2295 2838 2377 pestilens

769 2408 1005 2483 euasit;
1051 2446 1139 2456 —-
1167 2409 1247 2472 H.
1282 2428 1341 2490 p.
1390 2410 1545 2472 246
1594 2407 1864 2494 (supra).
1913 2408 2136 2472 Helius
2157 2409 2216 2487 3,
2263 2411 2334 2473 2:
2383 2410 2448 2472 in
2493 2408 2834 2472 Pannoniis

768 2521 889 2584 dux
936 2522 999 2584 et
1042 2522 1244 2584 rector
1288 2521 1768 2604 impositus.¹²⁵)
1815 2559 1904 2568 —

974 2633 1058 2698 11.
1083 2656 1151 2719 p.
1169 2633 1329 2718 246,
1350 2633 1529 2720 2¹²³)
1557 2633 1651 2720 (in
1670 2635 1983 2700 omittitur
2000 2634 2066 2699 in
2098 2638 2404 2700 terrarum
2430 2633 2840 2720 nominibus.)

766 2745 934 2831 Trig.
983 2749 1027 2811 t.
1080 2748 1110 2810 1
1135 2748 1193 2826 2,
1244 2748 1275 2810 1
1302 2749 1372 2812 7:
1423 2747 1681 2832 (uirtus)
1731 2749 2112 2812 senescentis
2144 2748 2397 2832 Illyrico
2429 2745 2502 2812 et
2521 2747 2842 2812 Dalmatia

982 2938 1068 3002 ¹⁶²⁵)
1108 2937 1173 2990 B¹
1214 2937 1460 2991 exhibet:
1490 2943 1543 2990 et
1569 2938 1624 2991 in
1656 2937 1958 3005 Pannonis;
1985 2937 2125 2991 B2P:
2153 2943 2207 2990 et
2231 2937 2532 3002 Pannonis;
2571 2937 2842 3004 scriptura

770 3033 971 3086 codicis
1008 3034 1083 3086 B¹
1137 3032 1355 3087 defendi
1408 3039 1604 3101 potest.
1662 3035 1750 3102 „in
1799 3035 2124 3088 Pannoniis“
2177 3033 2380 3088 dictum
2429 3039 2514 3086 est
2565 3049 2692 3100 pro:
2749 3034 2840 3100 „in

768 3129 1081 3182 Pannonia“
1121 3133 1179 3181 ut
1204 3129 1258 3182 in
1285 3129 1531 3182 omnibus
1556 3129 1698 3196 quod
1739 3131 1922 3196 sciam,
1960 3129 2161 3198 linguis
2185 3129 2510 3197 populorum
2535 3127 2840 3182 nominibus
2901 3112 2910 3202 '—

769 3229 951 3278 terrae
989 3223 1358 3292 designantur.
1412 3255 1477 3264 —

978 3321 1063 3390 ¹²⁸)
1125 3319 1393 3374 locatiuus
1452 3337 1551 3388 pro
1608 3321 1848 3374 ablatiuo
1888 3336 2006 3374 cum
2067 3321 2470 3389 praepositione
2532 3321 2654 3388 „in“
2717 3335 2837 3372 cum

766 3427 1035 3470 terrarum
1073 3416 1378 3470 nominibus
1417 3417 1784 3483 coniungitur:
1821 3416 1991 3469 Marc.
2029 3420 2122 3482 22,
2167 3420 2268 3468 11:
2307 3415 2637 3483 compositae
2666 3429 2755 3467 res
2786 3420 2841 3467 et

768 3513 1067 3580 Hispaniae
1090 3527 1229 3580 quae
1256 3529 1355 3581 per
1378 3514 1718 3568 Lusitaniam
1743 3513 1993 3568 turbatae
2021 3520 2190 3567 erant.
2221 3545 2276 3551 --
2300 3519 2354 3566 et
2379 3514 2634 3582 hispania
2653 3515 2759 3567 BP.
2783 3514 2841 3568 in

768 3609 821 3662 h.
847 3609 920 3660 M.
948 3607 1067 3661 edd.
1097 3639 1163 3646 —
1191 3608 1388 3661 Comm.
1431 3612 1519 3676 13,
1559 3611 1617 3662 5:
1656 3610 1972 3663 Britanniae
2008 3611 2293 3678 imperium
2319 3611 2433 3663 eius
2461 3609 2835 3663 recusantibus

767 3704 1193 3771 prouincialibus
1245 3703 1361 3768 (scl.
1419 3705 1768 3771 restitutum).
1817 3735 1883 3743 —-
1919 3706 2105 3758 Aurel.
2160 3708 2256 3772 48,
2313 3709 2372 3758 4:
2427 3705 2686 3758 Etruriae
2739 3720 2840 3772 per

768 3799 1048 3853 Aureliam
1096 3815 1267 3867 usque
1316 3799 1387 3853 ad
1433 3800 1603 3868 Alpes
1652 3801 1899 3868 ingentes
1949 3802 2066 3869 agri
2116 3806 2254 3854 sunt.
2307 3831 2371 3839 —
2417 3800 2580 3854 Gord.
2633 3804 2728 3867 31,
2783 3803 2842 3852 1:

768 3896 933 3948 Asiae
1001 3894 1125 3948 dum
1181 3896 1317 3949 haec
1370 3903 1633 3963 geruntur
1686 3897 1900 3964 Argunt
1956 3896 2276 3966 Scytharum
2328 3913 2427 3950 rex
2491 3895 2840 3951 finitimorum

770 4007 937 4058 regna
986 3992 1255 4045 uastabat.
1302 3993 1417 4045 BP:
1457 4007 1603 4046 asne.
1641 3993 1716 4045 M.
1754 3993 2082 4060 Petschenig
2122 3993 2158 4046 1.
2197 4009 2242 4046 c.
2279 4009 2330 4060 p.
2369 3995 2464 4045 56.
2516 3991 2838 4046 emendauit.

768 4087 917 4154 Trig.
964 4092 1003 4139 t.
1056 4091 1152 4154 20,
1204 4090 1263 4140 3:
1320 4094 1372 4141 et
1420 4089 1514 4140 ille
1571 4089 1762 4156 paucis
1815 4088 2004 4142 diebus
2062 4077 2238 4156 („cum
2284 4089 2372 4140 in“
2429 4088 2605 4157 suppl.
2655 4088 2836 4152 Peter)

767 4181 984 4250 Illyrico
1020 4183 1343 4250 imperasset
1379 4184 1588 4236 occisus
1627 4189 1726 4236 est.
1753 4215 1819 4222 —
1860 4185 1982 4251 „in“
2020 4183 2164 4250 quod
2199 4183 2362 4237 Peter
2398 4182 2551 4238 addit
2587 4182 2842 4237 uidelicet

771 4276 1101 4344 superfluum
1129 4283 1225 4330 est.
1268 4309 1322 4315 —
1370 4279 1641 4332 ablatiuus
1670 4295 1790 4332 cum
1825 4281 2228 4347 praepositione
2253 4296 2352 4348 pro
2378 4280 2614 4333 locatiuo
2644 4279 2844 4346 legitur

771 4372 934 4426 Gord.
977 4376 1067 4441 14,
1108 4377 1166 4426 7:
1205 4389 1343 4440 quae
1380 4379 1535 4441 gesta
1574 4378 1800 4444 cognoui
1838 4376 1926 4428 uel
1965 4376 2018 4428 in
2052 4375 2238 4429 Africa
2275 4376 2364 4428 uel
2401 4375 2626 4428 Roma.
2665 4375 2770 4428 BP.
